url,nombre,precio,precio_descuento,precio_por,precio_por_descuento,categoria,subcategoria,subsubcategoria,imagen
https://www.carrefour.es/supermercado/lentejas-estilo-casero-carretilla-300-g/R-526517631/p,Lentejas estilo casero Carretilla 300 g.,"2,39 €",,"7,97 €/kg",,La Despensa,"Conservas, Sopas y Precocinados",Platos Tradicionales,https://static.carrefour.es/hd_510x_/img_pim_food/727943_00_1.jpg
https://www.carrefour.es/supermercado/proteina-vegana-de-chocolate-weider-sin-gluten-300-g/R-prod540075/p,Proteína vegana de chocolate Weider sin gluten 300 g.,"16,49 €",,"54,97 €/kg",,La Despensa,Alimentación,Nutrición deportiva,https://static.carrefour.es/hd_510x_/img_pim_food/834990_00_1.jpg
https://www.carrefour.es/supermercado/lima-carrefour-300-g/R-VC4AECOMM-485748/p,Lima Carrefour 300 g,"1,00 €",,"3,33 €/kg",,Productos Frescos,Frutas,Naranjas y otros cítricos,https://static.carrefour.es/hd_510x_/img_pim_food/485748_00_1.jpg
https://www.carrefour.es/supermercado/red-bull-the-summer-edition-bebida-energetica-sabor-curuba-lata-25-cl/R-604401624/p,Red Bull The Summer Edition Bebida Energética sabor curuba lata 25 cl.,"1,62 €",,"6,48 €/l",,Bebidas,Refrescos,Energéticas,https://static.carrefour.es/hd_510x_/img_pim_food/374741_00_1.jpg
https://www.carrefour.es/supermercado/reganas-con-pipas-de-girasol-classic-carrefour-80-g/R-VC4AECOMM-071533/p,Regañás con pipas de girasol Classic Carrefour 80 g.,"1,73 €",,"21,62 €/kg",,La Despensa,"Panaderia, Bollería y Pastelería","Colines, picos y crakers",https://static.carrefour.es/hd_510x_/img_pim_food/071533_00_1.jpg
https://www.carrefour.es/supermercado/canas-rellenas-de-crema-al-cacao-classic-carrefour-380-g/R-786081637/p,Cañas rellenas de crema al cacao Classic' Carrefour 380 g.,"2,15 €",,"5,66 €/kg",,La Despensa,"Panaderia, Bollería y Pastelería",Bollería,https://static.carrefour.es/hd_510x_/img_pim_food/877641_00_1.jpg
https://www.carrefour.es/supermercado/galletas-mini-choco-leche-dinosaurus-artiach-120-g/R-VC4AECOMM-354847/p,Galletas mini choco leche Dinosaurus Artiach 120 g.,"2,15 €",,"17,92 €/kg",,La Despensa,Desayuno,Galletas,https://static.carrefour.es/hd_510x_/img_pim_food/354847_00_1.jpg
https://www.carrefour.es/supermercado/chocolate-con-leche-original-ferrero-rocher-90-g/R-VC4AECOMM-747793/p,Chocolate con leche original Ferrero Rocher 90 g.,"2,85 €",,"31,67 €/kg",,La Despensa,Dulce,Bombones y Chocolates,https://static.carrefour.es/hd_510x_/img_pim_food/747793_00_1.jpg
https://www.carrefour.es/supermercado/gel-limpiador-facial-hidratante-con-acido-hialuronico-babaria-200-ml/R-VC4AECOMM-375437/p,Gel limpiador facial hidratante con ácido hialurónico Babaria 200 ml.,"5,09 €",,"2,54 €/100ml",,Perfumería e Higiene,Cuidado y Protección Corporal,Limpieza Facial,https://static.carrefour.es/hd_510x_/img_pim_food/375437_00_1.jpg
https://www.carrefour.es/supermercado/alimento-para-peces-tetragoldfish-escama-1-l/R-553703558/p,Alimento para Peces Tetragoldfish Escama 1 L,"12,09 €",,"12,09 €/l",,Mascotas,Peces y tortugas,Tortugas,https://static.carrefour.es/hd_510x_/img_pim_food/341803_00_1.jpg
https://www.carrefour.es/supermercado/empanada-rectangular-de-pollo-con-champinones-carrefour-700-g/R-VC4AECOMM-555467/p,Empanada rectangular de pollo con champiñones Carrefour 700 g,"5,90 €",,"8,43 €/kg",,Productos Frescos,Panadería Tradicional,Empanadas y hojaldres,https://static.carrefour.es/hd_510x_/img_pim_food/555467_00_1.jpg
https://www.carrefour.es/supermercado/yogur-desnatado-sabor-frutos-del-bosque-danone-vitalinea-sin-azucar-anadido-pack-de-4-unidades-de-120-g/R-601400876/p,Yogur desnatado sabor frutos del bosque Danone Vitalinea sin azúcar añadido pack de 4 unidades de 120 g.,"2,05 €",,"4,27 €/kg",,La Despensa,Yogures y Postres,Yogures Desnatados,https://static.carrefour.es/hd_510x_/img_pim_food/360813_00_1.jpg
https://www.carrefour.es/supermercado/queso-semicurado-light-en-lonchas-garcia-baquero150-g/R-fprod1180021/p,Queso semicurado light en lonchas García Baquero 150 g.,"3,32 €",,"22,13 €/kg",,Productos Frescos,Quesos,Semicurado,https://static.carrefour.es/hd_510x_/img_pim_food/218707_00_1.jpg
https://www.carrefour.es/supermercado/bonito-en-aceite-de-oliva-virgen-extra-ecologico-consorcio-122-g/R-VC4AECOMM-523406/p,Bonito en aceite de oliva virgen extra Ecológico Consorcio 122 g.,"8,39 €",,"68,77 €/kg",,La Despensa,"Conservas, Sopas y Precocinados",Conservas de Pescado y Marisco,https://static.carrefour.es/hd_510x_/img_pim_food/523406_00_1.jpg
https://www.carrefour.es/supermercado/vermut-martini-rojo-15-l/R-546306884/p,Martini Rojo Vermouth,"14,89 €",,"9,93 €/l",,,,,https://static.carrefour.es/hd_510x_/img_pim_food/529606_00_1.jpg
https://www.carrefour.es/supermercado/gel-limpiador-para-barba-y-rostro-refrescante-con-agua-de-coco-king-c-gillette-350-ml/R-VC4AECOMM-546150/p,Gel limpiador para barba y rostro refrescante con agua de coco King C Gillette 350 ml.,"11,35 €",,"3,24 €/100ml",,Perfumería e Higiene,Depilación y Afeitado,Afeitado,https://static.carrefour.es/hd_510x_/img_pim_food/546150_00_1.jpg
https://www.carrefour.es/supermercado/dentifrico-blanqueador-fluocaril-pack-de-2-unidades-de-75-ml/R-prod810794/p,Dentífrico blanqueador Fluocaril pack de 2 unidades de 75 ml.,"8,69 €",,"5,79 €/100ml",,Parafarmacia,Higiene Bucal,Pasta de dientes,https://static.carrefour.es/hd_510x_/img_pim_food/231741_00_1.jpg
https://www.carrefour.es/supermercado/crema-bombon-clesa-sin-gluten-sin-lactosa-y-50-menos-de-azucar-anadido-pack-de-4-unidades-de-125-g/R-816214572/p,"Crema bombón Clesa sin gluten, sin lactosa y 50% menos de azúcar añadido pack de 4 unidades de 125 g.","1,60 €",,"3,20 €/kg",,La Despensa,Yogures y Postres,"Natillas, Cremas y Copas",https://static.carrefour.es/hd_510x_/img_pim_food/945095_00_1.jpg
https://www.carrefour.es/supermercado/anacardos-fritos-sin-sal-carrefour-tarrina-150-g/R-prod1070699/p,Anacardos fritos sin sal Carrefour tarrina 150 g,"3,05 €",,"20,33 €/kg",,La Despensa,Aperitivos,Frutos Secos,https://static.carrefour.es/hd_510x_/img_pim_food/142319_00_1.jpg
https://www.carrefour.es/supermercado/galletas-con-fibra-y-miel-gerble-400-g/R-521004512/p,Galletas con fibra y miel Gerblé 400 g.,"4,85 €",,"12,12 €/kg",,La Despensa,Desayuno,Galletas,https://static.carrefour.es/hd_510x_/img_pim_food/002076_00_1.jpg
https://www.carrefour.es/supermercado/suavizante-concentrado-original-flor-139-lavados/R-VC4AECOMM-102416/p,Suavizante concentrado Original Flor 139 lavados.,"7,45 €",,"0,05 €/lavado",,Limpieza y Hogar,Cuidado de la Ropa,Suavizantes,https://static.carrefour.es/hd_510x_/img_pim_food/102416_00_1.jpg
https://www.carrefour.es/supermercado/galleta-chiquilin-banada-en-chocolate-artiach-200-gr/R-VC4AECOMM-173271/p,Galleta Chiquilin bañada en chocolate Artiach 200 gr.,"3,79 €",,"18,95 €/kg",,La Despensa,Desayuno,Galletas,https://static.carrefour.es/hd_510x_/img_pim_food/173271_00_1.jpg
https://www.carrefour.es/supermercado/vino-blanco-dulce-barrica-sauvignon-blanc-arabe-vt-extemadura-75-cl/R-791868049/p,Arabe Blanco,"4,89 €",,"6,52 €/l",,Bebidas,Vinos,Blanco,https://static.carrefour.es/hd_510x_/img_pim_food/888264_00_1.jpg
https://www.carrefour.es/supermercado/snack-para-perros-vitakraft-beef-burguer-18-g/R-VC4AECOMM-492833/p,Snack para perros Vitakraft Beef Burguer 18 g.,"0,95 €",,"52,78 €/kg",,Mascotas,Perros,"Premios, Snacks y Huesos",https://static.carrefour.es/hd_510x_/img_pim_food/492833_00_1.jpg
https://www.carrefour.es/supermercado/barra-de-labios-superstay-24h-135-perpetual-rose-maybelline-1-ud/R-832908275/p,Barra de labios Superstay 24h 135 Perpetual Rose Maybelline 1 ud.,"12,65 €",,"12,65 €/ud",,Perfumería e Higiene,Cosmética,Labios,https://static.carrefour.es/hd_510x_/img_pim_food/969189_00_1.jpg
https://www.carrefour.es/supermercado/zumo-de-manzana-y-frutos-del-bosque-carrefour-botella-1-l/R-804031983/p,Zumo de manzana y frutos del bosque Carrefour botella 1 l.,"4,03 €",,"4,03 €/l",,Bebidas,Aguas y Zumos,Zumos Refrigerados,https://static.carrefour.es/hd_510x_/img_pim_food/912948_00_1.jpg
https://www.carrefour.es/supermercado/pan-de-la-abuela-360-g/R-VC4AECOMM-550664/p,Pan de la abuela 360 g,"0,99 €",,"2,75 €/kg",,Productos Frescos,Panadería Tradicional,Pan Tradicional,https://static.carrefour.es/hd_510x_/img_pim_food/550664_00_1.jpg
https://www.carrefour.es/supermercado/berenjenas-de-almagro-de-nuestra-tierra-sin-gluten-350-g/R-fprod1320442/p,Berenjenas de Almagro De Nuestra Tierra sin gluten 350 g.,"2,95 €",,"8,43 €/kg",,La Despensa,Aperitivos,Aceitunas y Encurtidos,https://static.carrefour.es/hd_510x_/img_pim_food/335255_00_1.jpg
https://www.carrefour.es/supermercado/vino-do-rioja-tinto-crianza-vina-alberdi-75-cl/R-546003559/p,Viña Alberdi Tinto Crianza 2019,"16,69 €",,"16,69 €/ud",,,,,https://static.carrefour.es/hd_510x_/img_pim_food/080332_00_1.jpg
https://www.carrefour.es/supermercado/cereales-con-chocolate-stylesse-carrefour-500-g/R-697301910/p,Cereales con chocolate Stylesse Carrefour 500 g.,"3,15 €",,"6,30 €/kg",,La Despensa,Desayuno,Cereales,https://static.carrefour.es/hd_510x_/img_pim_food/097970_00_1.jpg
https://www.carrefour.es/supermercado/gazpacho-con-aceite-de-oliva-virgen-extra-carrefour-sin-gluten-pack-de-3-unidades-de-330-ml/R-615201748/p,Gazpacho con aceite de oliva virgen extra Carrefour sin gluten pack de 3 unidades de 330 ml.,"2,15 €",,"2,17 €/l",,La Despensa,"Conservas, Sopas y Precocinados",Gazpacho y Salmorejo,https://static.carrefour.es/hd_510x_/img_pim_food/638095_00_1.jpg
https://www.carrefour.es/supermercado/yogur-de-melocoton-y-maracuya-pastoret-sin-gluten-500-g/R-745416228/p,Yogur de melocotón y maracuyá Pastoret sin gluten 500 g.,"2,95 €",,"5,90 €/kg",,La Despensa,Yogures y Postres,Yogur Natural y Sabores,https://static.carrefour.es/hd_510x_/img_pim_food/742089_00_1.jpg
https://www.carrefour.es/supermercado/bollo-relleno-de-cacao-bollycao-4-ud/R-VC4AECOMM-468362/p,Bollo relleno de cacao Bollycao 4 ud.,"2,95 €",,"16,39 €/kg",,La Despensa,"Panaderia, Bollería y Pastelería",Pastelería,https://static.carrefour.es/hd_510x_/img_pim_food/468362_00_1.jpg
https://www.carrefour.es/supermercado/queso-parmigiano-reggiano-dop-extra-carrefour-150-g/R-VC4AECOMM-207993/p,Queso parmigiano reggiano D.O.P. Extra Carrefour 150 g.,"5,99 €",,"39,93 €/kg",,Productos Frescos,Charcutería y Quesos al Corte,Queso Denominación Origen,https://static.carrefour.es/hd_510x_/img_pim_food/207993_00_1.jpg
https://www.carrefour.es/supermercado/bolsas-para-gatos-pack-de-4x100-gr-trocitos-de-pescado/R-866618474/p,Bolsas para Gatos Pack de 4x100 gr Trocitos de Pescado,"1,20 €",,"3,00 €/kg",,Mascotas,Gatos,Pienso para gatos,https://static.carrefour.es/hd_510x_/img_pim_food/155589_00_1.jpg
https://www.carrefour.es/supermercado/garbanzos-con-verduras-cocidas-carrefour-400-g/R-521005508/p,Garbanzos con verduras cocidas Carrefour 400 g.,"1,20 €",,"3,00 €/kg",,La Despensa,Alimentación,Legumbres,https://static.carrefour.es/hd_510x_/img_pim_food/686245_00_1.jpg
https://www.carrefour.es/supermercado/gafa-presbicia-ojo-gato-circular-150-colores-varios-1-ud/R-VC4AECOMM-039354/p,Gafa presbicia ojo gato circular +1.50 colores varios 1 ud.,"15,35 €",,"15,35 €/ud",,Parafarmacia,Botiquín,Lentillas y Sueros,https://static.carrefour.es/hd_510x_/img_pim_food/039354_00_1.jpg
https://www.carrefour.es/supermercado/albondigas-de-pollo-classic-carrefour-sin-gluten-415-g/R-VC4AECOMM-419547/p,Albóndigas de pollo Classic Carrefour sin gluten 415 g.,"1,68 €",,"4,05 €/kg",,La Despensa,"Conservas, Sopas y Precocinados",Platos Preparados,https://static.carrefour.es/hd_510x_/img_pim_food/419547_00_1.jpg
https://www.carrefour.es/supermercado/gel-de-afeitado-espuma-rapida-labs-gillette-198-ml/R-VC4AECOMM-080730/p,Gel de afeitado espuma rápida Labs Gillette 198 ml.,"5,79 €",,"2,92 €/100ml",,Perfumería e Higiene,Depilación y Afeitado,Afeitado,https://static.carrefour.es/hd_510x_/img_pim_food/080730_00_1.jpg
https://www.carrefour.es/supermercado/contorno-de-ojos-elasticity-eucerin-15-ml/R-VC4AECOMM-540387/p,Contorno de ojos Elasticity Eucerin 15 ml.,"29,60 €",,"197,33 €/100ml",,Parafarmacia,Cuidado e higiene facial,Cremas faciales,https://static.carrefour.es/hd_510x_/img_pim_food/540387_00_1.jpg
https://www.carrefour.es/supermercado/sopa-de-cebolla-knorr-50-g/R-648002051/p,Sopa de cebolla Knorr 50 g.,"0,92 €",,"18,40 €/kg",,La Despensa,"Conservas, Sopas y Precocinados","Caldos, Sopas y Pure",https://static.carrefour.es/hd_510x_/img_pim_food/817054_00_1.jpg
https://www.carrefour.es/supermercado/mascarilla-capilar-reconstituyente-tesoros-de-miel-para-pelo-danado-original-remedies-garnier-320-ml/R-801580337/p,Mascarilla capilar reconstituyente Tesoros de Miel para pelo dañado Original Remedies Garnier 320 ml.,"4,69 €",,"1,38 €/100ml",,Perfumería e Higiene,Cabello,Cuidado y Tratamientos del cabello,https://static.carrefour.es/hd_510x_/img_pim_food/903320_00_1.jpg
https://www.carrefour.es/supermercado/yemas-de-esparrago-blanco-gruesas-simpl-110-g/R-VC4AECOMM-143828/p,Yemas de espárrago blanco gruesas Simpl 110 g.,"1,25 €",,"11,36 €/kg",,La Despensa,"Conservas, Sopas y Precocinados",Conservas de Vegetales,https://static.carrefour.es/hd_510x_/img_pim_food/143828_00_1.jpg
https://www.carrefour.es/supermercado/doble-caldo-carne-knorr-sin-gluten-y-sin-lactosa-18-pastillas/R-fprod1260306/p,Doble caldo carne Knorr sin gluten y sin lactosa 18 pastillas,"1,86 €",,"10,33 €/kg",,La Despensa,"Conservas, Sopas y Precocinados","Caldos, Sopas y Pure",https://static.carrefour.es/hd_510x_/img_pim_food/322960_00_1.jpg
https://www.carrefour.es/supermercado/agua-de-peinado-carrefour-150-ml/R-fprod1380210/p,Agua de peinado Carrefour 150 ml.,"1,58 €",,"1,05 €/100ml",,Perfumería e Higiene,Cabello,Fijadores,https://static.carrefour.es/hd_510x_/img_pim_food/353602_00_1.jpg
https://www.carrefour.es/supermercado/complemento-colageno-natural-classic-en-polvo-colnatur-300-g/R-prod890096/p,Complemento colágeno natural classic en polvo Colnatur 300 g.,"16,45 €",,"5,48 €/100g",,Parafarmacia,Nutrición y Dietética,Complementos Vitamínicos,https://static.carrefour.es/hd_510x_/img_pim_food/033891_00_1.jpg
https://www.carrefour.es/supermercado/cereales-de-chocolate-crispy-minis-weetabix-500-g/R-526539127/p,Cereales de chocolate Crispy Minis Weetabix 500 g.,"4,35 €",,"8,70 €/kg",,La Despensa,Desayuno,Cereales,https://static.carrefour.es/hd_510x_/img_pim_food/707533_00_1.jpg
https://www.carrefour.es/supermercado/protegeslip-maxi-plus-salvaslip-evax-30-ud/R-668701258/p,Protegeslip maxi plus Salvaslip Evax 30 ud.,"3,15 €",,"0,10 €/ud",,Perfumería e Higiene,Higiene íntima,Protege Slip,https://static.carrefour.es/hd_510x_/img_pim_food/329066_00_1.jpg
https://www.carrefour.es/supermercado/media-hogaza-de-pan-integral-de-trigo-espelta-carrefour-el-mercado-400-g/R-VC4AECOMM-516203/p,Media hogaza de pan integral de trigo espelta Carrefour el Mercado 400 g,"2,15 €",,"5,37 €/kg",,Productos Frescos,Panadería Tradicional,Pan Tradicional,https://static.carrefour.es/hd_510x_/img_pim_food/516203_00_1.jpg
https://www.carrefour.es/supermercado/cepillo-exfoliante-masajeador-capilar-ponette-1-ud/R-VC4AECOMM-006128/p,Cepillo exfoliante masajeador capilar Ponette 1 ud.,"1,89 €",,"1,89 €/ud",,Perfumería e Higiene,Cabello,"Cepillos, Peines y Accesorios",https://static.carrefour.es/hd_510x_/img_pim_food/006128_00_1.jpg
https://www.carrefour.es/supermercado/7up-zero-de-lima-limon-sin-azucar-pack-2-botellas-2-l/R-526627352/p,7UP Zero de lima-limón sin azúcar pack 2 botellas 2 l.,"3,15 €",,"0,79 €/l",,Bebidas,Refrescos,Sabores con Gas,https://static.carrefour.es/hd_510x_/img_pim_food/363418_00_1.jpg
https://www.carrefour.es/supermercado/compresas-ultrafinas-con-alas-super-carrefour-24-ud/R-521000506/p,Compresas ultrafinas con alas super Carrefour 24 ud.,"1,59 €",,"0,07 €/ud",,Perfumería e Higiene,Higiene íntima,Compresas,https://static.carrefour.es/hd_510x_/img_pim_food/693800_00_1.jpg
https://www.carrefour.es/supermercado/aceite-refinado-de-semillas-especial-freidoras-de-aire-la-espanola-200-ml/R-VC4AECOMM-183452/p,Aceite refinado de semillas especial freidoras de aire La Española 200 ml.,"2,75 €",,"13,75 €/l",,La Despensa,Alimentación,Aceites y vinagres,https://static.carrefour.es/hd_510x_/img_pim_food/183452_00_1.jpg
https://www.carrefour.es/supermercado/tonica-schweppes-zero-botella-20-cl/R-VC4AECOMM-046990/p,Tónica Schweppes zero botella 20 cl,"1,16 €",,"5,80 €/l",,Bebidas,Refrescos,Tónica,https://static.carrefour.es/hd_510x_/img_pim_food/046990_00_1.jpg
https://www.carrefour.es/supermercado/chuletas-de-pavo-marinadas-al-ajillo-carrefour-450-g-aprox/R-prod780286/p,Chuletas de Pavo Marinadas al Ajillo Carrefour 450 g aprox,"3,04 €",,"6,75 €/kg",,Productos Frescos,Carnicería,Aves y Pollo,https://static.carrefour.es/hd_510x_/img_pim_food/268792_00_1.jpg
https://www.carrefour.es/supermercado/agua-de-colonia-24-7-her-pacha-ibiza-80-ml/R-prod840915/p,Agua de colonia 24/7 Her Pacha Ibiza 80 ml.,"11,45 €",,"14,31 €/100ml",,Perfumería e Higiene,Baño e Higiene Corporal,Colonias,https://static.carrefour.es/hd_510x_/img_pim_food/365725_00_1.jpg
https://www.carrefour.es/supermercado/crema-de-vinagre-balsamico-de-modena-sin-azucar-vulpi-sin-gluten-400-ml/R-828922471/p,Crema de vinagre balsámico de módena sin azúcar Vulpi sin gluten 400 ml.,"2,19 €",,"5,47 €/l",,La Despensa,Alimentación,Aceites y vinagres,https://static.carrefour.es/hd_510x_/img_pim_food/964089_00_1.jpg
https://www.carrefour.es/supermercado/colgador-wc-con-lejia-aroma-limon-verde-carrefour-2-ud/R-700707648/p,Colgador WC con lejía aroma limón verde Carrefour 2 ud.,"1,25 €",,"15,62 €/kg",,Limpieza y Hogar,Productos para Baño,WC,https://static.carrefour.es/hd_510x_/img_pim_food/091340_00_1.jpg
https://www.carrefour.es/supermercado/arandanos-carrefour-classic-650-g/R-prod1161199/p,Arándanos Carrefour Classic 650 g.,"4,29 €",,"6,60 €/kg",,Congelados,Helados,Frutas heladas,https://static.carrefour.es/hd_510x_/img_pim_food/212983_00_1.jpg
https://www.carrefour.es/supermercado/cafe-espresso-crema-e-gusto-en-capsulas-lavazza-compatible-con-nespresso-30-ud/R-VC4AECOMM-370020/p,Café espresso crema e gusto en càpsulas Lavazza compatible con Nespresso 30 ud.,"11,45 €",,"69,39 €/kg",,La Despensa,Desayuno,Cafés,https://static.carrefour.es/hd_510x_/img_pim_food/370020_00_1.jpg
https://www.carrefour.es/supermercado/queso-fresco-tradicional-carrefour-250-g/R-618303487/p,Queso fresco tradicional Carrefour 250 g.,"1,49 €",,"5,96 €/kg",,Productos Frescos,Quesos,Todos los Quesos,https://static.carrefour.es/hd_510x_/img_pim_food/673663_00_1.jpg
https://www.carrefour.es/supermercado/dentifrico-encias-vitis-100-ml/R-590508806/p,Dentífrico Encías Vitis 100 ml.,"7,85 €",,"7,85 €/100ml",,Parafarmacia,Higiene Bucal,Pasta de dientes,https://static.carrefour.es/hd_510x_/img_pim_food/554585_00_1.jpg
https://www.carrefour.es/supermercado/snack-stick-mini-pescado-omega-3-para-gato-adulto-cat-stick-3-ud/R-832204936/p,Snack stick mini pescado omega 3 para gato adulto Cat Stick 3 ud.,"0,99 €",,"18,33 €/kg",,Mascotas,Gatos,Premios y Snacks,https://static.carrefour.es/hd_510x_/img_pim_food/967784_00_1.jpg
https://www.carrefour.es/supermercado/coloracion-permanente-sin-amoniaco-para-un-olor-agradable-tono-30-negro-natural-garnier-olia-1-ud/R-684403550/p,Coloración permanente sin amoniaco para un olor agradable tono 3.0 negro natural Garnier Olia 1 ud.,"8,35 €",,"8,35 €/ud",,Perfumería e Higiene,Cabello,Tinte,https://static.carrefour.es/hd_510x_/img_pim_food/073434_00_1.jpg
https://www.carrefour.es/supermercado/desodorante-en-spray-aloe-vera-72h-advanced-protection-rexona-pack-de-2-unidades-de-200-ml/R-VC4AECOMM-200036/p,Desodorante en spray aloe vera 72h Advanced Protection Rexona pack de 2 unidades de 200 ml.,"7,05 €",,"1,76 €/100ml",,Perfumería e Higiene,Baño e Higiene Corporal,Desodorantes,https://static.carrefour.es/hd_510x_/img_pim_food/200036_00_1.jpg
https://www.carrefour.es/supermercado/sandwich-de-yogurt-con-salsa-de-frutos-rojos-carrefour-sensation-6-ud/R-VC4AECOMM-332952/p,Sandwich de yogurt con salsa de frutos rojos Carrefour Sensation 6 ud.,"2,65 €",,"0,44 €/ud",,Congelados,Helados,Sandwiches,https://static.carrefour.es/hd_510x_/img_pim_food/332952_00_1.jpg
https://www.carrefour.es/supermercado/recambios-hydro-5-skin-protection-advanced-menthol-wilkinson-sword-4-ud/R-prod730757/p,Recambios hydro 5 skin protection advanced menthol Wilkinson Sword 4 ud.,"14,25 €",,"3,56 €/ud",,Perfumería e Higiene,Depilación y Afeitado,Maquinillas y Recambios,https://static.carrefour.es/hd_510x_/img_pim_food/855148_00_1.jpg
https://www.carrefour.es/supermercado/maletin-de-paleta-de-cebo-iberica-50-raza-iberica-en-lonchas-nico-9-sobres-de-80-g/R-VC4AECOMM-805557/p,Maletín de Paleta de Cebo Ibérica 50% Raza Ibérica en lonchas Nico 9 sobres de 80 g,"51,40 €",,"71,39 €/kg",,Productos Frescos,Charcutería,Jamón Serrano e Ibérico Envasado,https://static.carrefour.es/hd_510x_/img_pim_food/805557_00_1.jpg
https://www.carrefour.es/supermercado/bebida-refrescante-aromatizada-con-agua-mineral-y-zumo-de-limon-carrefour-sin-azucares-anadidos-15-l/R-VC4AECOMM-435083/p,"Bebida refrescante aromatizada con agua mineral y zumo de limón Carrefour sin azúcares añadidos 1,5 l.","1,18 €",,"0,79 €/l",,Bebidas,Aguas y Zumos,Agua con sabor,https://static.carrefour.es/hd_510x_/img_pim_food/435083_00_1.jpg
https://www.carrefour.es/supermercado/2-guantes-satinados-de-latex-carrefour-p-amarillo/R-823818221/p,2 Guantes satinados de Látex Carrefour P - Amarillo,"0,70 €",,"0,70 €/ud",,Limpieza y Hogar,Utensilios de Limpieza,Guantes,https://static.carrefour.es/hd_510x_/img_pim_food/947051_00_1.jpg
https://www.carrefour.es/supermercado/mojama-de-atun-extra-carrefour-el-mercado-250-g/R-prod690103/p,Mojama de Atún Extra Carrefour El Mercado 250 g,"10,95 €",,"43,80 €/kg",,Productos Frescos,Pescadería,Ahumados y Huevas,https://static.carrefour.es/hd_510x_/img_pim_food/847339_00_1.jpg
https://www.carrefour.es/supermercado/gambon-argentino-pelado-mares-del-sur-250-g/R-VC4AECOMM-000586/p,Gambón argentino pelado Mares del Sur 250 g.,"7,65 €",,"30,60 €/kg",,Congelados,Mariscos Congelados,,https://static.carrefour.es/hd_510x_/img_pim_food/000586_00_1.jpg
https://www.carrefour.es/supermercado/cafe-indonesia-sumatra-en-capsulas-lor-espresso-compatible-con-nespresso-10-unidades-de-52-g/R-VC4AECOMM-486783/p,"Café indonesia Sumatra en cápsulas L'or Espresso compatible con Nespresso 10 unidades de 5,2 g.","4,19 €",,"80,58 €/kg",,La Despensa,Desayuno,Cafés,https://static.carrefour.es/hd_510x_/img_pim_food/486783_00_1.jpg
https://www.carrefour.es/supermercado/salsa-mojo-verde-de-nuestra-tierra-tarro-200-g/R-VC4AECOMM-648128/p,Salsa mojo verde De Nuestra Tierra tarro 200 g.,"4,49 €",,"22,45 €/kg",,La Despensa,Alimentación,Salsas y Tomate Frito,https://static.carrefour.es/hd_510x_/img_pim_food/648128_00_1.jpg
https://www.carrefour.es/supermercado/mini-bombon-helado-chocolate-blanco-almendrado-extra-carrefour-8-ud/R-VC4AECOMM-157813/p,Mini bombón helado chocolate blanco almendrado Extra Carrefour 8 ud.,"3,05 €",,"0,38 €/ud",,Congelados,Helados,Bombón Helado,https://static.carrefour.es/hd_510x_/img_pim_food/157813_00_1.jpg
https://www.carrefour.es/supermercado/noodles-sabor-pollo-y-curry-sensation-carrefour-62-g/R-VC4AECOMM-332553/p,Noodles sabor pollo y curry Sensation Carrefour 62 g.,"1,08 €",,"17,42 €/kg",,La Despensa,"Conservas, Sopas y Precocinados",Platos Preparados,https://static.carrefour.es/hd_510x_/img_pim_food/332553_00_1.jpg
https://www.carrefour.es/supermercado/albondigas-a-la-jardinera-extra-carrefour-300-g/R-VC4AECOMM-614468/p,Albóndigas a la jardinera Extra Carrefour 300 g.,"3,65 €",,"12,17 €/kg",,La Despensa,"Conservas, Sopas y Precocinados",Platos Preparados,https://static.carrefour.es/hd_510x_/img_pim_food/614468_00_1.jpg
https://www.carrefour.es/supermercado/bombon-helado-starchaser-double-magnum-sin-gluten-3-ud/R-VC4AECOMM-151987/p,Bombón helado Starchaser Double Magnum sin gluten 3 ud.,"4,99 €",,"1,66 €/ud",,Congelados,Helados,Bombón Helado,https://static.carrefour.es/hd_510x_/img_pim_food/151987_00_1.jpg
https://www.carrefour.es/supermercado/vino-blanco-verdejo-ecologico-marques-de-riscal-do-rueda-75-cl/R-521011835/p,Marques De Riscal Verdejo Organic 2023,"9,55 €",,"9,55 €/ud",,Bebidas,Vinos,Blanco,https://static.carrefour.es/hd_510x_/img_pim_food/007336_00_1.jpg
https://www.carrefour.es/supermercado/desodorante-roll-on-antitranspirante-original-proteccion-48h-0-dove-50-ml/R-VC4AECOMM-195319/p,Desodorante roll-on antitranspirante original protección 48h 0% Dove 50 ml.,"3,35 €",,"6,70 €/100ml",,Perfumería e Higiene,Baño e Higiene Corporal,Desodorantes,https://static.carrefour.es/hd_510x_/img_pim_food/195319_00_1.jpg
https://www.carrefour.es/supermercado/ensalada-de-cangrejo-con-pina-carrefour-200-g/R-prod224749/p,Ensalada de cangrejo con piña Carrefour 200 g.,"1,44 €",,"7,20 €/kg",,La Despensa,"Conservas, Sopas y Precocinados",Platos Preparados,https://static.carrefour.es/hd_510x_/img_pim_food/277345_00_1.jpg
https://www.carrefour.es/supermercado/langostinos-blancos-crudos-congelados-gambafresh-750-g/R-VC4AECOMM-413864/p,Langostinos blancos crudos congelados Gambafresh 750 g.,"15,09 €",,"20,12 €/kg",,Congelados,Mariscos Congelados,,https://static.carrefour.es/hd_510x_/img_pim_food/413864_00_1.jpg
https://www.carrefour.es/supermercado/pomada-protectora-mitosyl-65-g/R-VC4AECOMM-011857/p,Pomada protectora Mitosyl 65 g.,"9,35 €",,"14,38 €/100g",,Parafarmacia,Bebé,Anti Irritación,https://static.carrefour.es/hd_510x_/img_pim_food/011857_00_1.jpg
https://www.carrefour.es/supermercado/huevo-de-chocolate-lacasitos-sin-gluten-23-g/R-prod590003/p,Huevo de chocolate Lacasitos sin gluten 23 g.,"1,35 €",,"58,70 €/kg",,La Despensa,Dulce,Bombones y Chocolates,https://static.carrefour.es/hd_510x_/img_pim_food/837932_00_1.jpg
https://www.carrefour.es/supermercado/caramelos-de-goma-mini-treats-fini-sin-gluten-180-g/R-856700828/p,Caramelos de goma Mini Treats Fini sin gluten 180 g.,"2,09 €",,"12,67 €/kg",,,,,https://static.carrefour.es/hd_510x_/img_pim_food/935527_00_1.jpg
https://www.carrefour.es/supermercado/vino-do-madrid-tinto-crianza-tagonius-75-cl/R-785678522/p,Tagonius Tinto Crianza 2019,"15,85 €",,"15,85 €/ud",,Bebidas,Vinos,Tinto,https://static.carrefour.es/hd_510x_/img_pim_food/876331_00_1.jpg
https://www.carrefour.es/supermercado/pasta-maccheronni-al-huevo-gallo-450-g/R-521005692/p,Pasta maccheronni al huevo Gallo 450 g.,"1,67 €",,"3,71 €/kg",,La Despensa,Alimentación,Pastas,https://static.carrefour.es/hd_510x_/img_pim_food/002284_00_1.jpg
https://www.carrefour.es/supermercado/pan-de-molde-rustico-600-g/R-525964718/p,Pan de molde rústico 600 g,"2,69 €",,"4,48 €/kg",,Productos Frescos,Panadería Tradicional,Pan Tradicional,https://static.carrefour.es/hd_510x_/img_pim_food/688260_00_1.jpg
https://www.carrefour.es/supermercado/toallitas-para-bebe-pure-cuida-protege-133-ud/R-VC4AECOMM-329822/p,Toallitas para bebé pure cuida & protege 133 ud.,"11,19 €",,"0,08 €/ud",,Bebé,Pañales y Toallitas,Toallitas,https://static.carrefour.es/hd_510x_/img_pim_food/329822_00_1.jpg
https://www.carrefour.es/supermercado/maquinillas-desechables-para-mujer-4-hojas-carrefour-soft-4-ud/R-VC4AECOMM-475389/p,Maquinillas desechables para mujer 4 hojas Carrefour Soft 4 ud.,"4,89 €",,"1,22 €/ud",,Perfumería e Higiene,Depilación y Afeitado,Maquinillas y Recambios,https://static.carrefour.es/hd_510x_/img_pim_food/475389_00_1.jpg
https://www.carrefour.es/supermercado/ajo-congelado-carrefour-100-g/R-prod210262/p,Ajo congelado Carrefour 100 g.,"2,05 €",,"20,50 €/kg",,Congelados,Verduras Congeladas,,https://static.carrefour.es/hd_510x_/img_pim_food/262545_00_1.jpg
https://www.carrefour.es/supermercado/set-50-platos-desechables-de-carton-23-cm-carrefour-home/R-VC4AECOMM-349291/p,Set 50 Platos Desechables de Cartón 23 cm CARREFOUR HOME,"3,45 €",,"0,07 €/ud",,Limpieza y Hogar,Menaje,Menaje Desechable,https://static.carrefour.es/hd_510x_/img_pim_food/349291_00_1.jpg
https://www.carrefour.es/supermercado/cafe-soluble-natural-con-magnesio-nescafe-vitalissimo-200-g/R-808943756/p,Café soluble natural con magnesio Nescafé Vitalissimo 200 g.,"7,49 €",,"37,45 €/kg",,La Despensa,Desayuno,Cafés,https://static.carrefour.es/hd_510x_/img_pim_food/920395_00_1.jpg
https://www.carrefour.es/supermercado/chocolate-con-leche-mms-165-g/R-VC4AECOMM-300043/p,Chocolate con leche m&m's 165 g.,"3,25 €",,"19,70 €/kg",,La Despensa,Dulce,Bombones y Chocolates,https://static.carrefour.es/hd_510x_/img_pim_food/300043_00_1.jpg
https://www.carrefour.es/supermercado/pizza-speciale-tradizionale-dr-oetker-400-g/R-624903522/p,Pizza speciale Tradizionale Dr. Oetker 400 g.,"4,49 €",,"11,22 €/kg",,Congelados,Pizzas Congeladas,,https://static.carrefour.es/hd_510x_/img_pim_food/800340_00_1.jpg
https://www.carrefour.es/supermercado/detergente-liquido-black-carrefour-expert-40-lavados/R-VC4AECOMM-513522/p,Detergente liquido black Carrefour Expert 40 lavados.,"5,29 €",,"0,13 €/lavado",,Limpieza y Hogar,Cuidado de la Ropa,Detergentes,https://static.carrefour.es/hd_510x_/img_pim_food/513522_00_1.jpg
https://www.carrefour.es/supermercado/aceite-de-oliva-intenso-1-la-masia-garrafa-5-l/R-521028095/p,Aceite de oliva intenso 1º La Masía garrafa 5 l.,"47,23 €","32,45 €","9,45 €/l","6,49 €/l",La Despensa,Alimentación,Aceites y vinagres,https://static.carrefour.es/hd_510x_/img_pim_food/036841_00_1.jpg
https://www.carrefour.es/supermercado/empanada-de-hojaldre-de-atun-300-g/R-544601618/p,Empanada de hojaldre de atún 300 g,"3,30 €",,"3,30 €/ud",,Productos Frescos,Panadería Tradicional,Empanadas y hojaldres,https://static.carrefour.es/hd_510x_/img_pim_food/122007_00_1.jpg
https://www.carrefour.es/supermercado/champu-anticaspa-alivio-del-picor-pro-expert-7-hs-300-ml/R-VC4AECOMM-336889/p,Champú anticaspa alivio del picor Pro-Expert 7 H&S 300 ml.,"5,55 €",,"1,85 €/100ml",,Perfumería e Higiene,Cabello,Champús,https://static.carrefour.es/hd_510x_/img_pim_food/336889_00_1.jpg
https://www.carrefour.es/supermercado/cepillo-de-dientes-fuerte-lacer-1-ud/R-590507996/p,Cepillo de dientes fuerte Lacer 1 ud.,"4,75 €",,"4,75 €/ud",,Parafarmacia,Higiene Bucal,Cepillos y Seda,https://static.carrefour.es/hd_510x_/img_pim_food/548523_00_1.jpg
https://www.carrefour.es/supermercado/batido-de-vainilla-carrefour-sin-gluten-pack-de-3-brik-de-200-ml/R-VC4AECOMM-551209/p,Batido de vainilla Carrefour sin gluten pack de 3 brik de 200 ml.,"1,34 €",,"2,23 €/l",,La Despensa,Lácteos,Batidos y Horchatas,https://static.carrefour.es/hd_510x_/img_pim_food/551209_00_1.jpg
https://www.carrefour.es/supermercado/vinagre-de-manzana-ybarra-500-ml/R-521015511/p,Vinagre de manzana Ybarra 500 ml.,"2,55 €",,"5,10 €/l",,La Despensa,Alimentación,Aceites y vinagres,https://static.carrefour.es/hd_510x_/img_pim_food/648557_00_1.jpg
https://www.carrefour.es/supermercado/perfilador-de-cejas-intuition-perfect-finish-wilkinson-3-ud/R-VC4AECOMM-097779/p,Perfilador de cejas Intuition Perfect Finish Wilkinson 3 ud.,"3,79 €",,"3,79 €/ud",,Perfumería e Higiene,Depilación y Afeitado,Maquinillas y Recambios,https://static.carrefour.es/hd_510x_/img_pim_food/097779_00_1.jpg
https://www.carrefour.es/supermercado/galletas-chocoguay-tosta-rica-cuetara-144-g/R-VC4AECOMM-356763/p,Galletas chocoguay Tosta-Rica Cuétara 144 g.,"2,85 €",,"19,79 €/kg",,La Despensa,"Panaderia, Bollería y Pastelería",Bollería,https://static.carrefour.es/hd_510x_/img_pim_food/356763_00_1.jpg
https://www.carrefour.es/supermercado/barritas-de-cereales-con-chocolate-uvas-y-pasas-carrefour-6-unidades-de-21-g/R-prod410297/p,"Barritas de cereales con chocolate, uvas y pasas Carrefour 6 unidades de 21 g.","1,86 €",,"14,76 €/kg",,La Despensa,Desayuno,Barritas,https://static.carrefour.es/hd_510x_/img_pim_food/822213_00_1.jpg
https://www.carrefour.es/supermercado/mascarilla-facial-en-crema-con-pepino-soft-carrefour-2-ud/R-VC4AECOMM-465684/p,Mascarilla facial en crema con pepino Soft Carrefour 2 ud.,"1,14 €",,"0,57 €/ud",,Perfumería e Higiene,Cuidado y Protección Corporal,Piel,https://static.carrefour.es/hd_510x_/img_pim_food/465684_00_1.jpg
https://www.carrefour.es/supermercado/vino-generoso-cortijo-ceret-do-manzanilla-sanlucar-de-barrameda-75-cl/R-VC4AECOMM-501510/p,Vino generoso Cortijo Ceret D.O. Manzanilla-Sanlúcar de Barrameda 75 cl.,"3,89 €",,"3,89 €/ud",,Bebidas,Vinos,Generosos y Dulces,https://static.carrefour.es/hd_510x_/img_pim_food/501510_00_1.jpg
https://www.carrefour.es/supermercado/langostino-cocido-congelado-ecologico-500-g/R-prod520180/p,Langostino cocido congelado ecológico 500 g,"11,95 €",,"23,90 €/kg",,Congelados,Mariscos Congelados,,https://static.carrefour.es/hd_510x_/img_pim_food/833119_00_1.jpg
https://www.carrefour.es/supermercado/jugo-condimento-maggi-botella-125-g/R-538001414/p,Jugo condimento Maggi botella 125 g.,"3,19 €",,"25,52 €/kg",,La Despensa,Alimentación,Salsas y Tomate Frito,https://static.carrefour.es/hd_510x_/img_pim_food/003235_00_1.jpg
https://www.carrefour.es/supermercado/galletas-de-cacao-con-pepitas-de-chocolate-gullon-sin-gluten-200-g/R-590214473/p,Galletas de cacao con pepitas de chocolate Gullón sin gluten 200 g.,"3,75 €",,"18,75 €/kg",,La Despensa,Desayuno,Galletas,https://static.carrefour.es/hd_510x_/img_pim_food/633463_00_1.jpg
https://www.carrefour.es/supermercado/pants-my-carrefour-baby-t7-18-kg-16-ud/R-VC4AECOMM-081251/p,Pants My Carrefour Baby T7 (+18 kg.) 16 ud.,"14,65 €",,"0,92 €/ud",,Bebé,Pañales y Toallitas,Pañales Carrefour Baby,https://static.carrefour.es/hd_510x_/img_pim_food/081251_00_1.jpg
https://www.carrefour.es/supermercado/champu-protector-para-el-pelo-tenido-color-vive-elvive-loreal-paris-690-ml/R-fprod1460498/p,Champú protector para el pelo teñido Color Vive Elvive L'Oréal Paris 690 ml.,"7,80 €",,"1,11 €/100ml",,Perfumería e Higiene,Cabello,Champús,https://static.carrefour.es/hd_510x_/img_pim_food/400936_00_1.jpg
https://www.carrefour.es/supermercado/zumo-de-naranja-carrefour-brik-1-l/R-745415924/p,Zumo de naranja Carrefour brik 1 l.,"1,75 €",,"1,75 €/l",,Bebidas,Aguas y Zumos,Zumos no Refrigerados,https://static.carrefour.es/hd_510x_/img_pim_food/737611_00_1.jpg
https://www.carrefour.es/supermercado/cerveza-san-miguel-magna-pack-de-6-botellas-de-25-cl/R-fprod1180036/p,Cerveza San Miguel Magna pack de 6 botellas de 25 cl.,"4,65 €",,"3,10 €/l",,Bebidas,Cerveza,Rubia,https://static.carrefour.es/hd_510x_/img_pim_food/218144_00_1.jpg
https://www.carrefour.es/supermercado/mermelada-de-fresa-catgoria-extra-carrefour-650-g/R-521003435/p,Mermelada de fresa catgoría extra Carrefour 650 g.,"2,19 €",,"3,37 €/kg",,La Despensa,Dulce,"Mermeladas, Membrillos y Compotas",https://static.carrefour.es/hd_510x_/img_pim_food/228279_00_1.jpg
https://www.carrefour.es/supermercado/sandwich-mixto-relleno-de-jamon-y-queso-casa-tarradellas-240-g/R-521030369/p,Sándwich mixto relleno de jamón y queso Casa Tarradellas 240 g.,"2,05 €",,"8,54 €/kg",,La Despensa,"Conservas, Sopas y Precocinados","Tortillas, Empanadillas y Sandwiches",https://static.carrefour.es/hd_510x_/img_pim_food/571759_00_1.jpg
https://www.carrefour.es/supermercado/galletas-banadas-de-chocolate-con-leche-filipinos-artiach-128-g/R-758904376/p,Galletas bañadas de chocolate con leche Filipinos Artiach 128 g.,"1,40 €",,"10,94 €/kg",,La Despensa,Desayuno,Galletas,https://static.carrefour.es/hd_510x_/img_pim_food/767733_00_1.jpg
https://www.carrefour.es/supermercado/ajo-negro-pelado-en-tarrina-85-g/R-VC4AECOMM-558760/p,Ajo negro pelado en tarrina 85 g,"4,45 €",,"52,35 €/kg",,Productos Frescos,Verduras y hortalizas,"Patatas, Cebollas y Ajos",https://static.carrefour.es/hd_510x_/img_pim_food/558760_00_1.jpg
https://www.carrefour.es/supermercado/lasana-de-espinacas-carrefour-500-g/R-VC4AECOMM-512983/p,Lasaña de espinacas Carrefour 500 g.,"2,95 €",,"5,90 €/kg",,Congelados,Rebozados y Platos Preparados,,https://static.carrefour.es/hd_510x_/img_pim_food/512983_00_1.jpg
https://www.carrefour.es/supermercado/snacks-multivitaminados-con-chocolate-blanco-carrefour-200-g/R-521004561/p,Snacks multivitaminados con chocolate blanco Carrefour 200 g.,"3,75 €",,"18,75 €/kg",,La Despensa,Desayuno,Barritas,https://static.carrefour.es/hd_510x_/img_pim_food/726793_00_1.jpg
https://www.carrefour.es/supermercado/cafe-latte-espresso-carrefour-sensation-sin-gluten-250-ml/R-prod780162/p,Café latte espresso Carrefour Sensation sin gluten 250 ml.,"0,72 €",,"2,88 €/kg",,La Despensa,Lácteos,Listo para beber,https://static.carrefour.es/hd_510x_/img_pim_food/864311_00_1.jpg
https://www.carrefour.es/supermercado/empanada-rectangular-de-atun-700-g/R-566001794/p,Empanada rectangular de atún 700 g,"5,90 €",,"5,90 €/ud",,Productos Frescos,Panadería Tradicional,Empanadas y hojaldres,https://static.carrefour.es/hd_510x_/img_pim_food/406847_00_1.jpg
https://www.carrefour.es/supermercado/bifidus-con-trozos-de-pera-danone-activia-pack-de-4-unidades-de-120-g/R-521029584/p,Bífidus con trozos de pera Danone Activia pack de 4 unidades de 120 g.,"2,49 €",,"5,19 €/kg",,La Despensa,Yogures y Postres,Bífidus,https://static.carrefour.es/hd_510x_/img_pim_food/634332_00_1.jpg
https://www.carrefour.es/supermercado/mascarilla-facial-detox-con-carbon-piel-mixta-a-grasa-carrefour-soft-100-ml/R-VC4AECOMM-265746/p,Mascarilla facial détox con carbón piel mixta a grasa Carrefour Soft 100 ml.,"4,49 €",,"4,49 €/100ml",,Perfumería e Higiene,Cuidado y Protección Corporal,Limpieza Facial,https://static.carrefour.es/hd_510x_/img_pim_food/265746_00_1.jpg
https://www.carrefour.es/supermercado/cafe-onyx-en-capsulas-lor-espresso-compatible-con-nespresso-20-unidades-de-52-g/R-prod160083/p,"Café onyx en cápsulas L'Or Espresso compatible con Nespresso 20 unidades de 5,2 g.","7,69 €",,"73,94 €/kg",,,,,https://static.carrefour.es/hd_510x_/img_pim_food/234625_00_1.jpg
https://www.carrefour.es/supermercado/pienso-de-cordero-para-perro-adulto-mini-ultima-nature-dog-125-kg/R-826217364/p,"Pienso de cordero para perro adulto mini Ultima Nature Dog 1,25 Kg.","9,95 €",,"7,96 €/kg",,Mascotas,Perros,Pienso para perros,https://static.carrefour.es/hd_510x_/img_pim_food/960644_00_1.jpg
https://www.carrefour.es/supermercado/cacao-soluble-instantaneo-nestle-nesquik-sin-gluten-27-kg/R-VC4AECOMM-580917/p,"Cacao soluble instantáneo Nestlé Nesquik sin gluten 2,7 kg.","14,89 €",,"5,51 €/kg",,La Despensa,Desayuno,Cacaos y Cereales Solubles,https://static.carrefour.es/hd_510x_/img_pim_food/580917_00_1.jpg
https://www.carrefour.es/supermercado/detergente-liquido-optimal-clean-carrefour-expert-83-lavados/R-VC4AECOMM-314207/p,Detergente líquido Optimal Clean Carrefour Expert 83 lavados.,"10,09 €",,"0,12 €/lavado",,Limpieza y Hogar,Cuidado de la Ropa,Detergentes,https://static.carrefour.es/hd_510x_/img_pim_food/314207_00_1.jpg
https://www.carrefour.es/supermercado/salchichon-iberico-extra-circulo-de-calidad-300-g-aprox/R-757303496/p,Salchichón ibérico extra Círculo de Calidad 300 g aprox,"10,16 €",,"25,40 €/kg",,Productos Frescos,Charcutería,"Salchichón, Salami y Fuet",https://static.carrefour.es/hd_510x_/img_pim_food/429224_00_1.jpg
https://www.carrefour.es/supermercado/nestea-te-negro-de-mango-pina-bajo-en-calorias-botella-15-l/R-590204439/p,"Nestea té negro de mango-piña bajo en calorías botella 1,5 l.","2,09 €",,"1,39 €/l",,Bebidas,Refrescos,Sabores sin Gas,https://static.carrefour.es/hd_510x_/img_pim_food/153090_00_1.jpg
https://www.carrefour.es/supermercado/entrana-de-vacuno-carrefour-el-mercado-600-g-aprox/R-VC4AECOMM-133778/p,Entraña de Vacuno Carrefour El Mercado 600 g aprox,"6,89 €",,"13,79 €/kg",,Productos Frescos,Carnicería,Vacuno,https://static.carrefour.es/hd_510x_/img_pim_food/133778_00_1.jpg
https://www.carrefour.es/supermercado/barrita-de-proteina-ternera-para-perros-nap-50-g/R-VC4AECOMM-351180/p,Barrita de proteína ternera para perros NAP 50 g,"2,49 €",,"49,80 €/kg",,Mascotas,Perros,"Premios, Snacks y Huesos",https://static.carrefour.es/hd_510x_/img_pim_food/351180_00_1.jpg
https://www.carrefour.es/supermercado/galletas-integrales-morenitas-pagesa-250-g/R-prod870017/p,Galletas integrales Morenitas Pagesa 250 g.,"3,29 €",,"13,16 €/kg",,La Despensa,Desayuno,Galletas,https://static.carrefour.es/hd_510x_/img_pim_food/049946_00_1.jpg
https://www.carrefour.es/supermercado/bebida-de-fruta-arandanos-y-uva-granini-sin-azucares-anadidos-botella-1-l/R-VC4AECOMM-050348/p,Bebida de fruta arándanos y uva Granini sin azúcares añadidos botella 1 l.,"3,05 €",,"3,05 €/l",,Bebidas,Aguas y Zumos,Zumos no Refrigerados,https://static.carrefour.es/hd_510x_/img_pim_food/050348_00_1.jpg
https://www.carrefour.es/supermercado/natillas-de-vainilla-carrefour-classic-pack-de-4-unidades-de-125-g/R-835176181/p,Natillas de vainilla Carrefour Classic' pack de 4 unidades de 125 g.,"1,05 €",,"2,10 €/kg",,La Despensa,Yogures y Postres,"Natillas, Cremas y Copas",https://static.carrefour.es/hd_510x_/img_pim_food/971662_00_1.jpg
https://www.carrefour.es/supermercado/pirulo-fruit-joy-nestle-sin-gluten-5-ud/R-VC4AECOMM-338306/p,Pirulo Fruit Joy Nestlé sin gluten 5 ud.,"6,19 €",,"1,24 €/ud",,Congelados,Helados,Polos,https://static.carrefour.es/hd_510x_/img_pim_food/338306_00_1.jpg
https://www.carrefour.es/supermercado/arandanos-banados-en-chocolate-negro-carrefour-extra-sin-gluten-doy-pack-150-g/R-VC4AECOMM-115977/p,Arándanos bañados en chocolate negro Carrefour Extra sin gluten doy pack 150 g.,"3,15 €",,"21,00 €/kg",,La Despensa,Dulce,Bombones y Chocolates,https://static.carrefour.es/hd_510x_/img_pim_food/115977_00_1.jpg
https://www.carrefour.es/supermercado/toallitas-bebe-carrefour-piel-atopica-63-uds/R-590211529/p,Toallitas Bebé Carrefour Piel Atópica 63 uds,"1,78 €",,"0,03 €/ud",,Bebé,Pañales y Toallitas,Toallitas,https://static.carrefour.es/hd_510x_/img_pim_food/307840_00_1.jpg
https://www.carrefour.es/supermercado/papel-aluminio-carrefour-50-metros/R-VC4AECOMM-697644/p,Papel aluminio Carrefour 50 metros,"3,30 €",,"0,07 €/m",,Limpieza y Hogar,Conservación de Alimentos,Film Transparente,https://static.carrefour.es/hd_510x_/img_pim_food/697644_00_1.jpg
https://www.carrefour.es/supermercado/gel-aloe-vera-puro-tecsania-200-ml/R-prod870785/p,Gel aloe vera puro TecSania 200 ml.,"7,09 €",,"3,54 €/100ml",,Perfumería e Higiene,Cuidado y Protección Corporal,"Body Milk, Hidratación Bajo la Ducha",https://static.carrefour.es/hd_510x_/img_pim_food/013625_00_1.jpg
https://www.carrefour.es/supermercado/leche-fresca-de-oveja-granja-noe-botella-750-ml/R-VC4AECOMM-151860/p,Leche fresca de oveja Granja Noé botella 750 ml.,"4,68 €",,"6,24 €/l",,La Despensa,Lácteos,Leche,https://static.carrefour.es/hd_510x_/img_pim_food/151860_00_1.jpg
https://www.carrefour.es/supermercado/preparado-de-multifrutas-sin-azucar-anadido-desde-12-meses-ecologico-my-carrefour-baby-bio-sin-gluten-pack-de-4-bolsitas-de-100-g/R-VC4AECOMM-550272/p,Preparado de multifrutas sin azúcar añadido desde 12 meses ecológico My Carrefour Baby Bio sin gluten pack de 4 bolsitas de 100 g.,"2,65 €",,"6,62 €/kg",,Bebé,Alimentación infantil,"Postres, Zumos, Petit y Yogures Infantiles",https://static.carrefour.es/hd_510x_/img_pim_food/550272_00_1.jpg
https://www.carrefour.es/supermercado/pienso-de-pollo-y-arroz-para-perro-adulto-medium-maxi-ultima-dog-75-kg/R-720860595/p,"Pienso de pollo y arroz para perro adulto Medium Maxi Ultima Dog 7,5 Kg.","36,30 €",,"4,84 €/kg",,Mascotas,Perros,Pienso para perros,https://static.carrefour.es/hd_510x_/img_pim_food/094887_00_1.jpg
https://www.carrefour.es/supermercado/palmeras-de-hojaldre-al-cacao-carrefour-classic-12-ud/R-521007279/p,Palmeras de hojaldre al cacao Carrefour Classic' 12 ud.,"3,25 €",,"10,83 €/kg",,La Despensa,"Panaderia, Bollería y Pastelería",Bollería,https://static.carrefour.es/hd_510x_/img_pim_food/627097_00_1.jpg
https://www.carrefour.es/supermercado/bebida-vegetal-de-soja-alta-en-proteina-ecologica-ecocesta-brik-1l/R-VC4AECOMM-343241/p,Bebida vegetal de soja alta en proteína ecológica Ecocesta brik 1l.,"2,79 €",,"2,79 €/l",,La Despensa,Lácteos,Bebida Vegetal,https://static.carrefour.es/hd_510x_/img_pim_food/343241_00_1.jpg
https://www.carrefour.es/supermercado/tortas-de-anis-airos-sin-gluten-sin-lactosa-165-g/R-VC4AECOMM-477397/p,Tortas de anís Airos sin gluten sin lactosa 165 g.,"5,75 €",,"34,85 €/kg",,La Despensa,"Panaderia, Bollería y Pastelería",Bollería,https://static.carrefour.es/hd_510x_/img_pim_food/477397_00_1.jpg
https://www.carrefour.es/supermercado/salchichon-iberico-de-bellota-cular-50-raza-iberica-en-lonchas-de-nuestra-tierra-100-g/R-VC4AECOMM-430626/p,Salchichón Ibérico de Bellota Cular 50% Raza Ibérica en lonchas De Nuestra Tierra 100 g,"3,85 €",,"38,50 €/kg",,Productos Frescos,Charcutería,"Salchichón, Salami y Fuet",https://static.carrefour.es/hd_510x_/img_pim_food/430626_00_1.jpg
https://www.carrefour.es/supermercado/chocolate-con-leche-y-almendras-carrefour-extra-sin-gluten-200-g/R-VC4AECOMM-482765/p,Chocolate con leche y almendras Carrefour Extra sin gluten 200 g.,"1,90 €",,"9,50 €/kg",,,,,https://static.carrefour.es/hd_510x_/img_pim_food/482765_00_1.jpg
https://www.carrefour.es/supermercado/desatascador-de-tuberias-profesional-desatascador-cabellos-especial-tuberias-lentas-wc-net-1-l/R-VC4AECOMM-059616/p,Desatascador de tuberías profesional desatascador cabellos especial tuberías lentas Wc Net 1 l.,"8,15 €",,"8,15 €/l",,Limpieza y Hogar,Productos para Baño,Desatascadores y limpia tuberías,https://static.carrefour.es/hd_510x_/img_pim_food/059616_00_1.jpg
https://www.carrefour.es/supermercado/pate-de-oca-superior-martiko-pack-de-2-unidades-de-75-g/R-VC4AECOMM-710423/p,Paté de oca superior Martiko pack de 2 unidades de 75 g,"4,35 €",,"29,00 €/kg",,Productos Frescos,Charcutería,"Foie, Patés y Sobrasadas",https://static.carrefour.es/hd_510x_/img_pim_food/710423_00_1.jpg
https://www.carrefour.es/supermercado/cafe-soluble-cappuccino-descafeinado-carrefour-extra-250-g/R-VC4AECOMM-465380/p,Café soluble cappuccino descafeinado Carrefour Extra 250 g.,"3,85 €",,"15,40 €/kg",,La Despensa,Desayuno,Cafés,https://static.carrefour.es/hd_510x_/img_pim_food/465380_00_1.jpg
https://www.carrefour.es/supermercado/2-guantes-reforzados-de-latex-carrefour-m-bicolor/R-818900246/p,2 Guantes reforzados de Látex Carrefour M - Bicolor,"1,50 €",,"1,50 €/ud",,Limpieza y Hogar,Utensilios de Limpieza,Guantes,https://static.carrefour.es/hd_510x_/img_pim_food/947073_00_1.jpg
https://www.carrefour.es/supermercado/pimenton-dulce-de-la-vera-de-nuestra-tierra-70-g/R-521005008/p,Pimentón dulce de La Vera De Nuestra Tierra 70 g.,"2,49 €",,"35,57 €/kg",,La Despensa,Alimentación,Especias y Sazonadores,https://static.carrefour.es/hd_510x_/img_pim_food/343457_00_1.jpg
https://www.carrefour.es/supermercado/vino-dulce-carrefour-pedro-ximenez-dojerez-xeres-sherry-75-cl/R-VC4AECOMM-501502/p,Vino dulce Carrefour Pedro Ximenez D.O.Jerez-Xérés-Sherry 75 cl.,"5,99 €",,"5,99 €/ud",,Bebidas,Vinos,Generosos y Dulces,https://static.carrefour.es/hd_510x_/img_pim_food/501502_00_1.jpg
https://www.carrefour.es/supermercado/cerveza-voll-damm-lata-50-cl/R-VC4AECOMM-399000/p,Cerveza Voll-Damm lata 50 cl.,"1,63 €",,"3,26 €/l",,Bebidas,Cerveza,Todas las Cervezas,https://static.carrefour.es/hd_510x_/img_pim_food/399000_00_1.jpg
https://www.carrefour.es/supermercado/champu-liso-keratina-con-aceite-marula-hasta-72h-control-del-encrespamiento-tresemme-685-ml/R-VC4AECOMM-468560/p,Champú liso keratina con aceite marula hasta 72h control del encrespamiento Tresemmé 685 ml.,"5,69 €",,"0,83 €/100ml",,Perfumería e Higiene,Cabello,Champús,https://static.carrefour.es/hd_510x_/img_pim_food/468560_00_1.jpg
https://www.carrefour.es/supermercado/nachos-sabor-original-sensation-carrefour-150-g/R-VC4AECOMM-110329/p,Nachos sabor original Sensation Carrefour 150 g.,"0,99 €",,"6,60 €/kg",,La Despensa,Aperitivos,Snacks,https://static.carrefour.es/hd_510x_/img_pim_food/110329_00_1.jpg
https://www.carrefour.es/supermercado/dentifrico-para-dientes-sensibles-rapid-action-fresh-mint-sensodyne-75-cl/R-VC4AECOMM-352216/p,Dentífrico para dientes sensibles rapid action fresh mint Sensodyne 75 cl.,"6,49 €",,"8,65 €/100ml",,Parafarmacia,Higiene Bucal,,https://static.carrefour.es/hd_510x_/img_pim_food/352216_00_1.jpg
https://www.carrefour.es/supermercado/chocolate-negro-70-relleno-de-naranja-lindt-creation-150-g/R-530014617/p,Chocolate negro 70% relleno de naranja Lindt Creation 150 g.,"4,19 €",,"27,93 €/kg",,,,,https://static.carrefour.es/hd_510x_/img_pim_food/688251_00_1.jpg
https://www.carrefour.es/supermercado/filete-de-abadejo-empanados-xxl-classic-carrefour-800-g/R-521031299/p,Filete de abadejo empanados XXL Classic´ Carrefour 800 g.,"6,89 €",,"8,61 €/kg",,Congelados,Rebozados y Platos Preparados,,https://static.carrefour.es/hd_510x_/img_pim_food/559755_00_1.jpg
https://www.carrefour.es/supermercado/dentifrico-sequedad-oral-xerostomia-y-equilibrante-salival-xerolacer-75-ml/R-VC4AECOMM-689241/p,Dentífrico sequedad oral xerostomía y equilibrante salival Xerolacer 75 ml.,"7,19 €",,"9,59 €/100ml",,Parafarmacia,Higiene Bucal,Pasta de dientes,https://static.carrefour.es/hd_510x_/img_pim_food/689241_00_1.jpg
https://www.carrefour.es/supermercado/detergente-liquido-delicate-carrefour-expert-40-lavados/R-VC4AECOMM-513639/p,Detergente liquido delicate Carrefour Expert 40 lavados.,"3,85 €",,"0,10 €/lavado",,Limpieza y Hogar,Cuidado de la Ropa,Detergentes,https://static.carrefour.es/hd_510x_/img_pim_food/513639_00_1.jpg
https://www.carrefour.es/supermercado/vino-tinto-reserva-vina-ardanza-doca-rioja-75-cl/R-520662488/p,Viña Ardanza Tinto Reserva 2017,"28,40 €",,"28,40 €/ud",,Bebidas,Vinos,Tinto,https://static.carrefour.es/hd_510x_/img_pim_food/290968_00_1.jpg
https://www.carrefour.es/supermercado/cacao-soluble-nesquik-sin-gluten-15-kg/R-VC4AECOMM-722330/p,"Cacao soluble Nesquik sin gluten 1,5 kg.","9,75 €",,"6,50 €/kg",,La Despensa,Desayuno,Cacaos y Cereales Solubles,https://static.carrefour.es/hd_510x_/img_pim_food/722330_00_1.jpg
https://www.carrefour.es/supermercado/gelatina-de-sabores-carrefour-sin-gluten-pack-de-6-unidades-de-100-g/R-857400428/p,Gelatina de sabores Carrefour sin gluten pack de 6 unidades de 100 g.,"0,94 €",,"1,57 €/kg",,La Despensa,Yogures y Postres,Gelatina,https://static.carrefour.es/hd_510x_/img_pim_food/103327_00_1.jpg
https://www.carrefour.es/supermercado/desodorante-en-spray-cobalt-blue-anti-transpirante-rexona-pack-de-2-unidades-de-200-ml/R-520664718/p,Desodorante en spray Cobalt Blue anti-transpirante Rexona pack de 2 unidades de 200 ml.,"5,15 €",,"1,29 €/100ml",,Perfumería e Higiene,Baño e Higiene Corporal,Desodorantes,https://static.carrefour.es/hd_510x_/img_pim_food/534130_00_1.jpg
https://www.carrefour.es/supermercado/tomate-entero-pelado-celorrio-480-g/R-VC4AECOMM-132074/p,Tomate entero pelado Celorrio 480 g.,"1,43 €",,"2,98 €/kg",,La Despensa,"Conservas, Sopas y Precocinados",Conservas de Tomate,https://static.carrefour.es/hd_510x_/img_pim_food/132074_00_1.jpg
https://www.carrefour.es/supermercado/snack-para-perro-purina-friskies-b-steaks-150-g/R-527031130/p,Snack para perro Purina Friskies B-Steaks 150 g,"2,35 €",,"15,67 €/kg",,Mascotas,Perros,"Premios, Snacks y Huesos",https://static.carrefour.es/hd_510x_/img_pim_food/523727_00_1.jpg
https://www.carrefour.es/supermercado/chorizo-extra-50-duroc-en-lonchas-boadas-1880-al-corte-sin-gluten-90-g/R-VC4AECOMM-080878/p,Chorizo extra 50% duroc en lonchas Boadas 1880 al corte sin gluten 90 g,"2,99 €",,"33,22 €/kg",,Productos Frescos,Charcutería,"Chorizo, Lomo y Otros",https://static.carrefour.es/hd_510x_/img_pim_food/080878_00_1.jpg
https://www.carrefour.es/supermercado/queso-fundido-en-porciones-el-caserio-sin-gluten-250-g/R-521030594/p,Queso fundido en porciones El Caserío sin gluten 250 g.,"2,64 €",,"10,56 €/kg",,Productos Frescos,Quesos,Fundidos,https://static.carrefour.es/hd_510x_/img_pim_food/003153_00_1.jpg
https://www.carrefour.es/supermercado/barritas-de-cereales-con-avellana-carrefour-125-g/R-521003388/p,Barritas de cereales con avellana Carrefour 125 g.,"1,51 €",,"12,08 €/kg",,La Despensa,Desayuno,Barritas,https://static.carrefour.es/hd_510x_/img_pim_food/470365_00_1.jpg
https://www.carrefour.es/supermercado/mayonesa-hellmanns-sin-gluten-sin-lactosa-envase-430-ml/R-531731292/p,Mayonesa Hellmann's sin gluten sin lactosa envase 430 ml.,"3,49 €",,"8,12 €/l",,La Despensa,Alimentación,Salsas y Tomate Frito,https://static.carrefour.es/hd_510x_/img_pim_food/714085_00_1.jpg
https://www.carrefour.es/supermercado/bombon-golden-toffe-wonder-magnum-3-ud/R-VC4AECOMM-328725/p,Bombón golden toffe Wonder Magnum 3 ud.,"5,15 €",,"1,72 €/ud",,Congelados,Helados,Bombón Helado,https://static.carrefour.es/hd_510x_/img_pim_food/328725_00_1.jpg
https://www.carrefour.es/supermercado/arroz-con-leche-con-manzana-caramelizada-extra-carrefour-sin-gluten-pack-de-2-unidades-de-135-g/R-VC4AECOMM-459722/p,Arroz con leche con manzana caramelizada Extra Carrefour sin gluten pack de 2 unidades de 135 g,"2,45 €",,"9,07 €/kg",,La Despensa,Yogures y Postres,Otros Postres,https://static.carrefour.es/hd_510x_/img_pim_food/459722_00_1.jpg
https://www.carrefour.es/supermercado/pechuga-de-pavo-en-lonchas-receta-artesana-el-pozo-sin-gluten-y-sin-lactosa-170-g/R-prod271727/p,Pechuga de pavo en lonchas Receta Artesana El Pozo sin gluten y sin lactosa 170 g,"3,39 €",,"19,94 €/kg",,Productos Frescos,Charcutería,Fiambre de Pavo y Pollo,https://static.carrefour.es/hd_510x_/img_pim_food/303539_00_1.jpg
https://www.carrefour.es/supermercado/tinte-415-chocolate-garnier-olia-1-ud/R-684403558/p,Tinte 4.15 Chocolate Garnier Olia 1 ud.,"8,35 €",,"8,35 €/ud",,Perfumería e Higiene,Cabello,Tinte,https://static.carrefour.es/hd_510x_/img_pim_food/073441_00_1.jpg
https://www.carrefour.es/supermercado/zumo-de-frutas-y-leche-carrefour-sabor-tropical-pack-de-3-briks-de-33-cl/R-799397850/p,Zumo de frutas y leche Carrefour sabor tropical pack de 3 briks de 33 cl.,"0,99 €",,"1,00 €/l",,Bebidas,Aguas y Zumos,Zumos no Refrigerados,https://static.carrefour.es/hd_510x_/img_pim_food/902172_00_1.jpg
https://www.carrefour.es/supermercado/aceite-de-oliva-virgen-extra-carrefour-garrafa-5-l/R-521028105/p,Aceite de oliva virgen extra Carrefour garrafa 5 l.,"43,26 €",,"8,65 €/l",,La Despensa,Alimentación,Aceites y vinagres,https://static.carrefour.es/hd_510x_/img_pim_food/471214_00_1.jpg
https://www.carrefour.es/supermercado/queso-edam-carrefour-455-g/R-VC4AECOMM-308336/p,Queso edam Carrefour 455 g.,"4,45 €",,"9,78 €/kg",,Productos Frescos,Quesos,Todos los Quesos,https://static.carrefour.es/hd_510x_/img_pim_food/308336_00_1.jpg
https://www.carrefour.es/supermercado/leche-entera-brik-1-l/R-531731272/p,Leche entera brik 1 l.,"0,90 €",,"0,90 €/l
- 8,10 €/9 uds.",,La Despensa,Lácteos,Leche,https://static.carrefour.es/hd_510x_/img_pim_food/183462_00_1.jpg
https://www.carrefour.es/supermercado/menu-premium-para-periquitos-vitakraft-1-kg/R-fprod1320024/p,Menú premium para periquitos Vitakraft 1 kg,"2,89 €",,"48,17 €/kg",,Mascotas,Pájaros,Pienso para pájaros,https://static.carrefour.es/hd_510x_/img_pim_food/334076_00_1.jpg
https://www.carrefour.es/supermercado/preparado-de-paella-de-marisco-congelado-600-g/R-prod690175/p,Preparado de paella de marisco congelado 600 g,"4,70 €",,"9,40 €/kg",,Productos Frescos,Pescadería,Preparados y elaborados de Pescado y Marisco,https://static.carrefour.es/hd_510x_/img_pim_food/847583_00_1.jpg
https://www.carrefour.es/supermercado/sandwich-de-nata-maxibon-classic-nestle-4-ud/R-521033029/p,Sandwich de nata Maxibon Classic Nestlé 4 ud.,"6,25 €",,"1,56 €/ud",,Congelados,Helados,Sandwiches,https://static.carrefour.es/hd_510x_/img_pim_food/582468_00_1.jpg
https://www.carrefour.es/supermercado/enjuague-bucal-0-alcohol-ecologico-carrefour-soft-bio-500-ml/R-VC4AECOMM-678029/p,Enjuague bucal 0% alcohol ecológico Carrefour Soft Bio 500 ml.,"3,99 €",,"0,80 €/100ml",,Perfumería e Higiene,Boca y Sonrisa,Enjuagues Bucales,https://static.carrefour.es/hd_510x_/img_pim_food/678029_00_1.jpg
https://www.carrefour.es/supermercado/bolsas-de-leche-materna-medela-25-ud/R-fprod1410019/p,Bolsas de leche materna Medela 25 ud.,"11,45 €",,"0,46 €/ud",,Parafarmacia,Bebé,Embarazo y Lactancia,https://static.carrefour.es/hd_510x_/img_pim_food/359494_00_1.jpg
https://www.carrefour.es/supermercado/vino-tinto-joven-tempranillo-ecologico-cune-doca-rioja-75-cl/R-VC4AECOMM-617902/p,Cune Ecológico Tinto Joven 2021,"6,95 €",,"6,95 €/ud",,Bebidas,Vinos,Tinto,https://static.carrefour.es/hd_510x_/img_pim_food/617902_00_1.jpg
https://www.carrefour.es/supermercado/salsa-de-soja-baja-en-sal-kikkoman-500-ml/R-VC4AECOMM-687147/p,Salsa de soja baja en sal Kikkoman 500 ml.,"10,59 €",,"22,06 €/l",,La Despensa,Alimentación,Salsas y Tomate Frito,https://static.carrefour.es/hd_510x_/img_pim_food/687147_00_1.jpg
https://www.carrefour.es/supermercado/tortitas-de-maiz-sabor-setas-trufas-y-parmesano-bicentury-124-g/R-801412419/p,"Tortitas de maíz sabor setas, trufas y parmesano Bicentury 124 g.","2,59 €",,"20,89 €/kg",,La Despensa,Aperitivos,Tortitas,https://static.carrefour.es/hd_510x_/img_pim_food/906196_00_1.jpg
https://www.carrefour.es/supermercado/panales-dodot-bebe-seco-t5-11-16-kg-72-ud/R-VC4AECOMM-799268/p,Pañales Dodot bebé-seco T5 (11-16 kg) 72 ud.,"23,90 €",,"0,33 €/ud",,Bebé,Pañales y Toallitas,Pañales Dodot,https://static.carrefour.es/hd_510x_/img_pim_food/799268_00_1.jpg
https://www.carrefour.es/supermercado/crema-de-dia-con-acido-hialuronico-revitalift-filler-loreal-50-ml/R-798087510/p,Crema de día con ácido hialurónico Revitalift Filler L'Oréal 50 ml.,"20,99 €",,"41,98 €/100ml",,Perfumería e Higiene,Cuidado y Protección Corporal,Piel,https://static.carrefour.es/hd_510x_/img_pim_food/901204_00_1.jpg
https://www.carrefour.es/supermercado/cafe-molido-natural-express-carrefour-250-g/R-521002974/p,Café molido natural express Carrefour 250 g.,"2,65 €",,"10,60 €/kg",,La Despensa,Desayuno,Cafés,https://static.carrefour.es/hd_510x_/img_pim_food/695340_00_1.jpg
https://www.carrefour.es/supermercado/recambios-cabezales-cepillo-electrico-io-gentle-care-oral-b-4-ud/R-VC4AECOMM-215816/p,Recambios cabezales cepillo eléctrico iO Gentle Care Oral-B 4 ud.,"38,40 €",,"9,60 €/ud",,Perfumería e Higiene,Boca y Sonrisa,"Cepillos, Recambios y Accesorios",https://static.carrefour.es/hd_510x_/img_pim_food/215816_00_1.jpg
https://www.carrefour.es/supermercado/tabletas-limpiadoras-para-protesis-dentales-antibacteriana-accion-blanqueadora-carrefour-soft-36-ud/R-613002754/p,Tabletas limpiadoras para prótesis dentales antibacteriana acción blanqueadora Carrefour Soft 36 ud.,"2,75 €",,"0,08 €/ud",,Perfumería e Higiene,Boca y Sonrisa,Prótesis,https://static.carrefour.es/hd_510x_/img_pim_food/045440_00_1.jpg
https://www.carrefour.es/supermercado/pepinillos-laminados-agridulces-classic-carrefour-290-g/R-VC4AECOMM-416349/p,Pepinillos laminados agridulces Classic Carrefour 290 g.,"1,75 €",,"6,03 €/kg",,La Despensa,Aperitivos,Aceitunas y Encurtidos,https://static.carrefour.es/hd_510x_/img_pim_food/416349_00_1.jpg
https://www.carrefour.es/supermercado/zumo-de-melocoton-manzana-y-uva-don-simon-brik-1-l/R-520660803/p,"Zumo de melocotón, manzana y uva Don Simón brik 1 l.","1,89 €",,"1,89 €/l",,Bebidas,Aguas y Zumos,Zumos no Refrigerados,https://static.carrefour.es/hd_510x_/img_pim_food/000102_00_1.jpg
https://www.carrefour.es/supermercado/yogur-estilo-griego-natural-con-azucar-de-cana-carrefour-1-kg/R-VC4AECOMM-485696/p,Yogur estilo griego natural con azucar de caña Carrefour 1 kg.,"2,55 €",,"2,55 €/kg",,La Despensa,Yogures y Postres,Yogures Griegos y Enriquecidos,https://static.carrefour.es/hd_510x_/img_pim_food/485696_00_1.jpg
https://www.carrefour.es/supermercado/queso-de-mezcla-viejo-en-cuna-canada-mayor-250-g/R-VC4AECOMM-199248/p,Queso de mezcla viejo en cuña Cañada Mayor 250 g.,"4,64 €",,"18,56 €/kg",,Productos Frescos,Quesos,Todos los Quesos,https://static.carrefour.es/hd_510x_/img_pim_food/199248_00_1.jpg
https://www.carrefour.es/supermercado/laca-fijacion-flexible-pantene-pro-v-370-ml/R-VC4AECOMM-119144/p,Laca fijación flexible Pantene Pro-V 370 ml.,"5,95 €",,"1,61 €/100ml",,Perfumería e Higiene,Cabello,Fijadores,https://static.carrefour.es/hd_510x_/img_pim_food/119144_00_1.jpg
https://www.carrefour.es/supermercado/plumero-y-5-recambios-desechables-rozenbal-azul/R-830003873/p,Plumero y 5 recambios desechables Rozenbal - Azul,"3,55 €",,"3,55 €/ud",,Limpieza y Hogar,Utensilios de Limpieza,"Plumeros, Rodillos y Recambios",https://static.carrefour.es/hd_510x_/img_pim_food/782187_00_1.jpg
https://www.carrefour.es/supermercado/plumas-de-tomate-y-espinacas-especial-ensaladas-gallo-450-g/R-521005639/p,Plumas de tomate y espinacas especial ensaladas Gallo 450 g.,"1,88 €",,"4,18 €/kg",,La Despensa,Alimentación,Pastas,https://static.carrefour.es/hd_510x_/img_pim_food/020753_00_1.jpg
https://www.carrefour.es/supermercado/filete-de-pescado-crujiente-clasicos-congelado-findus-sin-gluten-250-g/R-VC4AECOMM-740342/p,Filete de pescado crujiente clásicos congelado Findus sin gluten 250 g.,"3,79 €",,"15,16 €/kg",,Congelados,Rebozados y Platos Preparados,,https://static.carrefour.es/hd_510x_/img_pim_food/740342_00_1.jpg
https://www.carrefour.es/supermercado/pizza-de-jamon-y-queso-coliflow-400-g/R-VC4AECOMM-153207/p,Pizza de jamón y queso Coliflow 400 g.,"4,99 €",,"12,47 €/kg",,Congelados,Pizzas Congeladas,,https://static.carrefour.es/hd_510x_/img_pim_food/153207_00_1.jpg
https://www.carrefour.es/supermercado/bebida-de-almendra-calcio-zero-azucar-almond-breeze-sin-gluten-sin-lactosa-brik-1-l/R-VC4AECOMM-593081/p,Bebida de almendra calcio zero azúcar Almond Breeze sin gluten sin lactosa brik 1 l.,"2,39 €",,"2,39 €/l",,La Despensa,Lácteos,Bebida Vegetal,https://static.carrefour.es/hd_510x_/img_pim_food/593081_00_1.jpg
https://www.carrefour.es/supermercado/agua-de-plancha-desmineralizada-carrefour-5-l/R-fprod1360337/p,Agua de plancha desmineralizada Carrefour 5 l.,"2,15 €",,"0,43 €/l",,Limpieza y Hogar,Cuidado de la Ropa,Agua de Plancha y Apresto,https://static.carrefour.es/hd_510x_/img_pim_food/341956_00_1.jpg
https://www.carrefour.es/supermercado/toallitas-desmaquillantes-piel-sensible-efecto-detox-vitesse-mineral-25-ud/R-VC4AECOMM-738357/p,Toallitas desmaquillantes piel sensible efecto detox Vitesse Mineral 25 ud.,"2,79 €",,"0,11 €/ud",,Perfumería e Higiene,Cuidado y Protección Corporal,Limpieza Facial,https://static.carrefour.es/hd_510x_/img_pim_food/738357_00_1.jpg
https://www.carrefour.es/supermercado/aceite-de-oliva-virgen-extra-ecologico-maestros-de-hojiblanca-75-cl/R-VC4AECOMM-482295/p,Aceite de oliva virgen extra ecológico Maestros de Hojiblanca 75 cl.,"11,88 €",,"15,84 €/l",,La Despensa,Alimentación,Aceites y vinagres,https://static.carrefour.es/hd_510x_/img_pim_food/482295_00_1.jpg
https://www.carrefour.es/supermercado/pan-con-pasas-y-nueces-1-ud/R-VC4AECOMM-614486/p,Pan con Pasas y Nueces 1 ud.,"2,85 €",,"6,13 €/kg",,Productos Frescos,Panadería Tradicional,Pan Tradicional,https://static.carrefour.es/hd_510x_/img_pim_food/614486_00_1.jpg
https://www.carrefour.es/supermercado/leche-infantil-para-lactantes-en-polvo-almiron-profutura-1-sin-aceite-de-palma-lata-800-g/R-prod841199/p,Leche infantil para lactantes en polvo Almirón Profutura 1 sin aceite de palma lata 800 g.,"30,20 €",,"37,75 €/kg",,Parafarmacia,Bebé,Leche infantil,https://static.carrefour.es/hd_510x_/img_pim_food/813027_00_1.jpg
https://www.carrefour.es/supermercado/cacao-soluble-instantaneo-cola-cao-turbo-1-kg/R-632902000/p,Cacao soluble instantáneo Cola Cao Turbo 1 kg.,"8,05 €",,"8,05 €/kg",,La Despensa,Desayuno,Cacaos y Cereales Solubles,https://static.carrefour.es/hd_510x_/img_pim_food/808886_00_1.jpg
https://www.carrefour.es/supermercado/queso-rulo-de-cabra-sant-maure-180-g/R-VC4AECOMM-685569/p,Queso rulo de cabra Sant Maure 180 g.,"3,83 €",,"21,28 €/kg",,Productos Frescos,Quesos,Todos los Quesos,https://static.carrefour.es/hd_510x_/img_pim_food/685569_00_1.jpg
https://www.carrefour.es/supermercado/maiz-ecologico-bonduelle-pack-de-2-unidades-de-140-g/R-597501625/p,Maíz ecológico Bonduelle pack de 2 unidades de 140 g.,"3,65 €",,"13,04 €/kg",,La Despensa,"Conservas, Sopas y Precocinados",Conservas de Vegetales,https://static.carrefour.es/hd_510x_/img_pim_food/359847_00_1.jpg
https://www.carrefour.es/supermercado/vino-rosado-joven-tres-reinos-doca-rioja-75-cl/R-prod590334/p,Vino rosado joven Tres Reinos D.O.Ca. Rioja 75 cl.,"2,49 €",,"2,49 €/ud",,Bebidas,Vinos,Rosado,https://static.carrefour.es/hd_510x_/img_pim_food/838587_00_1.jpg
https://www.carrefour.es/supermercado/caldo-de-cocido-carrefour-sin-gluten-1-l/R-521005788/p,Caldo de cocido Carrefour sin gluten 1 l.,"0,85 €",,"0,85 €/l",,La Despensa,"Conservas, Sopas y Precocinados","Caldos, Sopas y Pure",https://static.carrefour.es/hd_510x_/img_pim_food/691841_00_1.jpg
https://www.carrefour.es/supermercado/cafe-molido-natural-100-arabica-ecologico-planeta-huerto-250-g/R-VC4AECOMM-370390/p,Café molido natural 100% arábica ecológico Planeta Huerto 250 g.,"4,99 €",,"19,96 €/kg",,La Despensa,Desayuno,Cafés,https://static.carrefour.es/hd_510x_/img_pim_food/370390_00_1.jpg
https://www.carrefour.es/supermercado/cerveza-heineken-silver-pack-de-12-latas-de-33-cl/R-VC4AECOMM-745122/p,Cerveza Heineken silver pack de 12 latas de 33 cl.,"11,45 €",,"2,89 €/l",,Bebidas,Cerveza,Rubia,https://static.carrefour.es/hd_510x_/img_pim_food/745122_00_1.jpg
https://www.carrefour.es/supermercado/pipas-de-girasol-saladas-carrefour-200-g/R-521014681/p,Pipas de girasol saladas Carrefour 200 g.,"1,40 €",,"7,00 €/kg",,La Despensa,Aperitivos,Frutos Secos,https://static.carrefour.es/hd_510x_/img_pim_food/603871_00_1.jpg
https://www.carrefour.es/supermercado/ciruela-roja-carrefour-1-kg-aprox/R-VC4AECOMM-551903/p,Ciruela roja Carrefour 1 Kg aprox,"3,35 €",,"3,35 €/kg",,Productos Frescos,Frutas,Fruta de temporada,https://static.carrefour.es/hd_510x_/img_pim_food/551903_00_1.jpg
https://www.carrefour.es/supermercado/mascara-de-pestanas-wonderlux-volume-n-001-black-rimmel-london-1-ud/R-prod1130301/p,Máscara de pestañas Wonder´Lux Volume nº 001 Black Rimmel London 1 ud.,"14,09 €",,"14,09 €/ud",,Perfumería e Higiene,Cosmética,Ojos,https://static.carrefour.es/hd_510x_/img_pim_food/182786_00_1.jpg
https://www.carrefour.es/supermercado/cava-freixenet-ice-rose-75-cl/R-prod80650/p,Freixenet Ice Rosé,"9,89 €",,"9,89 €/ud",,Bebidas,Cava y champagne,Cavas,https://static.carrefour.es/hd_510x_/img_pim_food/216700_00_1.jpg
https://www.carrefour.es/supermercado/gel-wc-limpieza-total-oceano-pato-750-ml/R-521001278/p,Gel WC limpieza total océano Pato 750 ml.,"3,29 €",,"4,39 €/l",,Limpieza y Hogar,Productos para Baño,WC,https://static.carrefour.es/hd_510x_/img_pim_food/000502_00_1.jpg
https://www.carrefour.es/supermercado/mopa-11-recambio-swiffer-1-ud/R-fprod1440012/p,Mopa + 11 recambio Swiffer 1 ud.,"18,39 €",,"18,39 €/ud",,Limpieza y Hogar,Productos para toda la casa,Suelos,https://static.carrefour.es/hd_510x_/img_pim_food/375646_00_1.jpg
https://www.carrefour.es/supermercado/crema-de-queso-cheddar-extra-carrefour-125-g/R-VC4AECOMM-288710/p,Crema de queso cheddar Extra Carrefour 125 g.,"2,05 €",,"16,40 €/kg",,Productos Frescos,Quesos,Crema de queso,https://static.carrefour.es/hd_510x_/img_pim_food/288710_00_1.jpg
https://www.carrefour.es/supermercado/cereales-con-chocolate-rellenos-de-avellanas-y-cacao-magro-ecologico-carrefour-bio-375-g/R-VC4AECOMM-718821/p,Cereales con chocolate rellenos de avellanas y cacao magro ecológico Carrefour Bio 375 g.,"3,75 €",,"10,00 €/kg",,La Despensa,Desayuno,Cereales,https://static.carrefour.es/hd_510x_/img_pim_food/718821_00_1.jpg
https://www.carrefour.es/supermercado/dentifrico-con-fluor-de-uso-diario-complete-proteccion-blanqueante-parodontax-75-ml/R-VC4AECOMM-469442/p,Dentífrico con flúor de uso diario Complete Protección Blanqueante Parodontax 75 ml.,"6,19 €",,"8,25 €/100ml",,Perfumería e Higiene,Boca y Sonrisa,Dentífricos,https://static.carrefour.es/hd_510x_/img_pim_food/469442_00_1.jpg
https://www.carrefour.es/supermercado/dentifrico-reparacion-activa-de-encias-parodontax-75-ml/R-VC4AECOMM-188980/p,Dentífrico reparación activa de encías Parodontax 75 ml.,"4,95 €",,"6,60 €/100ml",,Perfumería e Higiene,Boca y Sonrisa,Dentífricos,https://static.carrefour.es/hd_510x_/img_pim_food/188980_00_1.jpg
https://www.carrefour.es/supermercado/cera-para-el-pelo-a-base-de-agua-fijacion-media-tenax-125-ml/R-663701869/p,Cera para el pelo a base de agua fijación media Tenax 125 ml.,"7,29 €",,"5,83 €/100ml",,Perfumería e Higiene,Cabello,Fijadores,https://static.carrefour.es/hd_510x_/img_pim_food/316056_00_1.jpg
https://www.carrefour.es/supermercado/crema-de-queso-con-trufa-extra-carrefour-125-g/R-VC4AECOMM-288693/p,Crema de queso con trufa Extra Carrefour 125 g.,"2,05 €",,"16,40 €/kg",,Productos Frescos,Quesos,Todos los Quesos,https://static.carrefour.es/hd_510x_/img_pim_food/288693_00_1.jpg
https://www.carrefour.es/supermercado/antihumedad-recambio-carrefour-1-ud/R-521002176/p,Antihumedad recambio Carrefour 1 ud.,"1,99 €",,"4,42 €/kg",,Limpieza y Hogar,Ambientadores,Antihumedad,https://static.carrefour.es/hd_510x_/img_pim_food/718398_00_1.jpg
https://www.carrefour.es/supermercado/cafe-soluble-natural-carrefour-200-g/R-521003045/p,Café soluble natural Carrefour 200 g.,"3,39 €",,"16,95 €/kg",,La Despensa,Desayuno,Cafés,https://static.carrefour.es/hd_510x_/img_pim_food/230408_00_1.jpg
https://www.carrefour.es/supermercado/dentifrico-original-24h-de-proteccion-completa-total-colgate-pack-de-3-unidades-de-20-ml/R-prod1070232/p,Dentífrico original 24h de protección completa Total Colgate pack de 3 unidades de 20 ml.,"4,05 €",,"6,75 €/100ml",,Perfumería e Higiene,Cuidado y Protección Corporal,Productos para Viaje,https://static.carrefour.es/hd_510x_/img_pim_food/131661_00_1.jpg
https://www.carrefour.es/supermercado/dentifrico-para-dientes-sensibles-proteccion-diaria-sensodyne-pack-de-2-unidades-de-75-ml/R-prod60066/p,Dentífrico para dientes sensibles protección diaria Sensodyne pack de 2 unidades de 75 ml.,"6,65 €",,"4,43 €/100ml",,Perfumería e Higiene,Boca y Sonrisa,Dentífricos,https://static.carrefour.es/hd_510x_/img_pim_food/884492_00_1.jpg
https://www.carrefour.es/supermercado/chocolate-con-leche-valor-sin-gluten-y-sin-lactosa-100-g/R-VC4AECOMM-436386/p,Chocolate con leche Valor sin gluten y sin lactosa 100 g.,"2,55 €",,"25,50 €/kg",,La Despensa,Dulce,Bombones y Chocolates,https://static.carrefour.es/hd_510x_/img_pim_food/436386_00_1.jpg
https://www.carrefour.es/supermercado/suavizante-concentrado-frescor-floral-mimosin-56-lavados/R-VC4AECOMM-351131/p,Suavizante concentrado frescor floral Mimosín 56 lavados.,"3,85 €",,"0,07 €/lavado",,Limpieza y Hogar,Cuidado de la Ropa,Suavizantes,https://static.carrefour.es/hd_510x_/img_pim_food/351131_00_1.jpg
https://www.carrefour.es/supermercado/rejos-de-poton-500-g-aprox/R-715402048/p,Rejos de potón 500 g aprox,"3,97 €",,"7,95 €/kg",,Productos Frescos,Pescadería,"Pulpo, Calamar y Sepia",https://static.carrefour.es/hd_510x_/img_pim_food/694515_00_1.jpg
https://www.carrefour.es/supermercado/desodorante-stick-ecologico-piedra-de-alumbre-nbd-120-g/R-684304125/p,Desodorante stick ecológico Piedra de Alumbre nbd 120 g.,"4,09 €",,"3,41 €/100g",,Perfumería e Higiene,Baño e Higiene Corporal,Desodorantes,https://static.carrefour.es/hd_510x_/img_pim_food/072818_00_1.jpg
https://www.carrefour.es/supermercado/manzana-golden-ecologica-bandeja-4-ud-750-g/R-589705758/p,Manzana golden ecológica bandeja 4 ud 750 g,"3,15 €",,"4,20 €/kg",,Productos Frescos,Frutas,Manzanas y Peras,https://static.carrefour.es/hd_510x_/img_pim_food/281634_00_1.jpg
https://www.carrefour.es/supermercado/boquerones-carrefour-sin-gluten-80-g/R-VC4AECOMM-497214/p,Boquerones Carrefour sin gluten 80 g.,"1,80 €",,"22,50 €/kg",,La Despensa,"Conservas, Sopas y Precocinados",Conservas de Pescado y Marisco,https://static.carrefour.es/hd_510x_/img_pim_food/497214_00_1.jpg
https://www.carrefour.es/supermercado/toallitas-desmaquillantes-tonico-agua-micelar-jabonosas-natural-care-salustar-20-ud/R-VC4AECOMM-968730/p,Toallitas desmaquillantes tónico agua micelar jabonosas Natural Care Salustar 20 ud.,"2,25 €",,"0,11 €/ud",,Perfumería e Higiene,Cuidado y Protección Corporal,Limpieza Facial,https://static.carrefour.es/hd_510x_/img_pim_food/968730_00_1.jpg
https://www.carrefour.es/supermercado/sirope-de-fresa-carrefour-420-g/R-804260111/p,Sirope de fresa Carrefour 420 g.,"1,99 €",,"7,24 €/kg",,La Despensa,Dulce,"Siropes, Aromas y Decoración",https://static.carrefour.es/hd_510x_/img_pim_food/783601_00_1.jpg
https://www.carrefour.es/supermercado/bombon-helado-sabor-vainilla-con-chocolate-con-leche-after-dinner-classic-magnum-sin-gluten-duplo-8-ud/R-VC4AECOMM-402909/p,Bombón helado sabor vainilla con chocolate con leche After Dinner Classic Magnum sin gluten duplo 8 ud.,"10,09 €",,"0,63 €/ud",,Congelados,Helados,Bombón Helado,https://static.carrefour.es/hd_510x_/img_pim_food/402909_00_1.jpg
https://www.carrefour.es/supermercado/limpia-tuberias-con-carbon-activo-elimina-malos-olores-y-destruye-los-residuos-wc-net-700-ml/R-832342841/p,Limpia tuberías con carbón activo elimina malos olores y destruye los residuos Wc Net 700 ml.,"8,39 €",,"11,99 €/l",,Limpieza y Hogar,Productos para Baño,Desatascadores y limpia tuberías,https://static.carrefour.es/hd_510x_/img_pim_food/968570_00_1.jpg
https://www.carrefour.es/supermercado/gomas-de-borrar-milan-4-uds/R-527030410/p,Gomas de Borrar Milan 4 uds,"1,59 €",,"0,40 €/ud",,Limpieza y Hogar,Papelería,Lápices y Accesorios,https://static.carrefour.es/hd_510x_/img_pim_food/055985_00_1.jpg
https://www.carrefour.es/supermercado/nuez-mondada-carrefour-bolsa-350-g/R-prod1070668/p,Nuez mondada Carrefour bolsa 350 g,"3,83 €",,"10,94 €/kg",,La Despensa,Aperitivos,Frutos Secos,https://static.carrefour.es/hd_510x_/img_pim_food/142278_00_1.jpg
https://www.carrefour.es/supermercado/chicles-sabor-menta-trident-60-minutos-sin-azucar-22-g/R-675501975/p,Chicles sabor menta Trident 60 minutos sin azúcar 22 g.,"1,05 €",,"47,73 €/kg",,La Despensa,Dulce,Dulces y Golosinas,https://static.carrefour.es/hd_510x_/img_pim_food/332608_00_1.jpg
https://www.carrefour.es/supermercado/edulcorante-stevia-comprimidos-natreen-120-ud/R-643002395/p,Edulcorante Stevia comprimidos Natreen 120 ud.,"3,89 €",,"55,57 €/100g",,La Despensa,Desayuno,Azúcar y Edulcorantes,https://static.carrefour.es/hd_510x_/img_pim_food/814458_00_1.jpg
https://www.carrefour.es/supermercado/espuma-de-afeitar-piel-normal-carrefour-men-250-ml/R-VC4AECOMM-093547/p,Espuma de afeitar piel normal Carrefour Men 250 ml.,"1,37 €",,"0,55 €/100ml",,Perfumería e Higiene,Depilación y Afeitado,Afeitado,https://static.carrefour.es/hd_510x_/img_pim_food/093547_00_1.jpg
https://www.carrefour.es/supermercado/cerveza-carrefour-holandesa-lata-50-cl/R-816214238/p,Cerveza Carrefour Holandesa lata 50 cl.,"0,47 €",,"0,94 €/l
- 11,28 €/24 uds.",,Bebidas,Cerveza,Todas las Cervezas,https://static.carrefour.es/hd_510x_/img_pim_food/943881_00_1.jpg
https://www.carrefour.es/supermercado/potenciador-de-lavado-quitamanchas-para-ropa-blanca-en-polvo-sin-lejia-oxi-action-vanish-400-g/R-VC4AECOMM-550397/p,Potenciador de lavado quitamanchas para ropa blanca en polvo sin lejía Oxi Action Vanish 400 g.,"7,99 €",,"19,97 €/kg",,Limpieza y Hogar,Cuidado de la Ropa,Aditivos y quitamanchas,https://static.carrefour.es/hd_510x_/img_pim_food/550397_00_1.jpg
https://www.carrefour.es/supermercado/lonchas-vegetarianas-con-verduras-y-aceitunas-carrefour-veggie-sin-gluten-y-sin-lactosa-100-g/R-VC4AECOMM-697201/p,Lonchas vegetarianas con verduras y aceitunas Carrefour Veggie sin gluten y sin lactosa 100 g.,"1,35 €",,"13,50 €/kg",,Productos Frescos,Charcutería,Fiambre de Pavo y Pollo,https://static.carrefour.es/hd_510x_/img_pim_food/697201_00_1.jpg
https://www.carrefour.es/supermercado/tequenos-de-queso-pan-480-g/R-fprod1260352/p,Tequeños de Queso P.A.N. 480 g,"4,89 €",,"10,19 €/kg",,La Despensa,"Conservas, Sopas y Precocinados",Platos Preparados,https://static.carrefour.es/hd_510x_/img_pim_food/323310_00_1.jpg
https://www.carrefour.es/supermercado/cafe-molido-natural-descafeinado-carrefour-250-g/R-521003002/p,Café molido natural descafeinado Carrefour 250 g.,"2,25 €",,"9,00 €/kg",,La Despensa,Desayuno,Cafés,https://static.carrefour.es/hd_510x_/img_pim_food/236781_00_1.jpg
https://www.carrefour.es/supermercado/galletas-digestive-carrefour-sensation-800-g/R-596701895/p,Galletas Digestive Carrefour Sensation 800 g.,"1,75 €",,"2,19 €/kg",,La Despensa,Desayuno,Galletas,https://static.carrefour.es/hd_510x_/img_pim_food/357073_00_1.jpg
https://www.carrefour.es/supermercado/champu-anticaspa-nutre-y-cuida-hs-330-ml/R-VC4AECOMM-336878/p,Champú anticaspa nutre y cuida H&S 330 ml.,"5,45 €",,"1,65 €/100ml",,Perfumería e Higiene,Cabello,Champús,https://static.carrefour.es/hd_510x_/img_pim_food/336878_00_1.jpg
https://www.carrefour.es/supermercado/antihumedad-percha-ideal-para-armarios-humydry-1-ud/R-836506683/p,Antihumedad percha ideal para armarios Humydry 1 ud.,"9,69 €",,"9,69 €/ud",,Limpieza y Hogar,Ambientadores,Antihumedad,https://static.carrefour.es/hd_510x_/img_pim_food/967959_00_1.jpg
https://www.carrefour.es/supermercado/pienso-sabor-pollo-y-arroz-para-gato-adulto-ultima-3kg/R-550901847/p,Pienso sabor pollo y arroz para gato adulto Ultima 3kg.,"18,90 €",,"6,30 €/kg",,Mascotas,Gatos,Pienso para gatos,https://static.carrefour.es/hd_510x_/img_pim_food/633668_00_1.jpg
https://www.carrefour.es/supermercado/oreja-de-cerdo-adobada-carrefour-500-g/R-609202862/p,Oreja de Cerdo Adobada Carrefour 500 g,"4,45 €",,"8,90 €/kg",,Productos Frescos,Carnicería,Otras carnes,https://static.carrefour.es/hd_510x_/img_pim_food/150412_00_1.jpg
https://www.carrefour.es/supermercado/pezoneras-para-lactancia-de-silicona-talla-l-contact-medela-estuche-2-ud/R-521014056/p,Pezoneras para lactancia de silicona talla L Contact Medela estuche 2 ud.,"11,45 €",,"5,72 €/ud",,Parafarmacia,Bebé,Embarazo y Lactancia,https://static.carrefour.es/hd_510x_/img_pim_food/263163_00_1.jpg
https://www.carrefour.es/supermercado/dulce-de-membrillo-ecologico-helios-sin-gluten-330-g/R-841300577/p,Dulce de membrillo ecológico Helios sin gluten 330 g.,"2,45 €",,"7,42 €/kg",,,,,https://static.carrefour.es/hd_510x_/img_pim_food/979665_00_1.jpg
https://www.carrefour.es/supermercado/cornetto-sandwich-filipinos-negros-heartbrand-4-ud/R-VC4AECOMM-328738/p,Cornetto Sandwich Filipinos Negros Heartbrand 4 ud.,"6,39 €",,"1,60 €/ud",,Congelados,Helados,Sandwiches,https://static.carrefour.es/hd_510x_/img_pim_food/328738_00_1.jpg
https://www.carrefour.es/supermercado/fiambre-de-jamon-de-pavo-campofrio-pavofrio-sin-gluten-sin-lactosa-380-g/R-VC4AECOMM-698648/p,Fiambre de Jamón de pavo Campofrío - Pavofrío sin gluten sin lactosa 380 g.,"4,59 €",,"12,08 €/kg",,Productos Frescos,Charcutería,Fiambre de Pavo y Pollo,https://static.carrefour.es/hd_510x_/img_pim_food/698648_00_1.jpg
https://www.carrefour.es/supermercado/presa-de-cerdo-duroc-circulo-de-calidad-carrefour-125-g-aprox/R-VC4AECOMM-001451/p,Presa de cerdo Duroc Círculo de Calidad Carrefour 125 g aprox,"2,11 €",,"16,89 €/kg",,Productos Frescos,Carnicería,Cerdo,https://static.carrefour.es/hd_510x_/img_pim_food/001451_00_1.jpg
https://www.carrefour.es/supermercado/tinte-53-capuccino-garnier-olia-1-ud/R-684403568/p,Tinte 5.3 capuccino Garnier Olia 1 ud.,"8,35 €",,"8,35 €/ud",,Perfumería e Higiene,Cabello,Tinte,https://static.carrefour.es/hd_510x_/img_pim_food/073453_00_1.jpg
https://www.carrefour.es/supermercado/thai-noodles-fripozo-320-g/R-VC4AECOMM-362436/p,Thai noodles Fripozo 320 g.,"3,45 €",,"10,78 €/kg",,Congelados,Rebozados y Platos Preparados,,https://static.carrefour.es/hd_510x_/img_pim_food/362436_00_1.jpg
https://www.carrefour.es/supermercado/red-bull-bebida-energetica-lata-473-cl/R-556201511/p,"Red Bull Bebida Energética lata 47,3 cl","2,89 €",,"6,11 €/l",,Bebidas,Refrescos,Energéticas,https://static.carrefour.es/hd_510x_/img_pim_food/255793_00_1.jpg
https://www.carrefour.es/supermercado/pechuga-de-pollo-en-lonchas-el-pozo-sin-gluten-200-g/R-VC4AECOMM-710647/p,Pechuga de pollo en lonchas El Pozo sin gluten 200 g,"3,05 €",,"15,25 €/kg",,Productos Frescos,Charcutería,Fiambre de Pavo y Pollo,https://static.carrefour.es/hd_510x_/img_pim_food/710647_00_1.jpg
https://www.carrefour.es/supermercado/esmalte-de-unas-60-seconds-n-210-rimmel-1-ud/R-prod61397/p,Esmalte de uñas 60 seconds nº 210 Rimmel 1 ud.,"2,65 €",,"2,65 €/ud",,Perfumería e Higiene,Cosmética,Uñas,https://static.carrefour.es/hd_510x_/img_pim_food/969795_00_1.jpg
https://www.carrefour.es/supermercado/spray-anticaida-pilexil-forte-120-ml/R-799397948/p,Spray anticaída Pilexil Forte 120 ml.,"40,50 €",,"33,75 €/100ml",,Parafarmacia,Cabello,Champús Anticaída,https://static.carrefour.es/hd_510x_/img_pim_food/904019_00_1.jpg
https://www.carrefour.es/supermercado/paleta-de-cebo-iberico-50-raza-iberica-en-lonchas-altanera-90-g/R-VC4AECOMM-337555/p,Paleta de Cebo Ibérico 50% Raza Ibérica en lonchas Altanera 90 g,"6,99 €",,"77,67 €/kg",,Productos Frescos,Charcutería,Jamón Serrano e Ibérico Envasado,https://static.carrefour.es/hd_510x_/img_pim_food/337555_00_1.jpg
https://www.carrefour.es/supermercado/chorizo-iberico-extra-50-raza-iberica-en-lonchas-sanchez-alcaraz-sin-gluten-y-sin-lactosa-100-g/R-VC4AECOMM-458514/p,Chorizo Ibérico Extra 50% Raza Ibérica en lonchas Sánchez Alcaraz sin gluten y sin lactosa 100 g,"4,59 €",,"45,90 €/kg",,Productos Frescos,Charcutería,"Chorizo, Lomo y Otros",https://static.carrefour.es/hd_510x_/img_pim_food/458514_00_1.jpg
https://www.carrefour.es/supermercado/carne-de-anojo-troceada-para-guisar-circulo-de-calidad-600-g-aprox/R-prod1070042/p,Carne de añojo troceada para guisar Círculo de Calidad 600 g aprox,"8,55 €",,"14,25 €/kg",,Productos Frescos,Carnicería,Vacuno,https://static.carrefour.es/hd_510x_/img_pim_food/126585_00_1.jpg
https://www.carrefour.es/supermercado/chupete-anatomico-de-silicona-nina-6-18m-ultra-air-nighttime-philips-avent-2-ud/R-prod271873/p,Chupete anatómico de silicona niña 6-18m Ultra Air Nighttime Philips Avent 2 ud.,"8,25 €",,"4,12 €/ud",,Parafarmacia,Bebé,Puericultura,https://static.carrefour.es/hd_510x_/img_pim_food/303435_00_1.jpg
https://www.carrefour.es/supermercado/colorante-permanente-n-8-rubio-claro-intensive-color-cream-palette-1-ud/R-600805809/p,Colorante permanente nº 8 rubio claro Intensive Color Cream Palette 1 ud.,"4,79 €",,"4,79 €/ud",,Perfumería e Higiene,Cabello,Tinte,https://static.carrefour.es/hd_510x_/img_pim_food/366247_00_1.jpg
https://www.carrefour.es/supermercado/manzanilla-con-anis-en-bolsitas-pompadour-25-ud/R-521003128/p,Manzanilla con anís en bolsitas Pompadour 25 ud.,"2,25 €",,"68,18 €/kg",,La Despensa,Desayuno,Infusiones y Tés,https://static.carrefour.es/hd_510x_/img_pim_food/001733_00_1.jpg
https://www.carrefour.es/supermercado/jengibre-ecologico-200-g/R-prod1000454/p,Jengibre ecológico 200 g,"1,69 €",,"8,45 €/kg",,Productos Frescos,Frutas,"Piñas, Kiwis, Aguacates y Tropicales",https://static.carrefour.es/hd_510x_/img_pim_food/080049_00_1.jpg
https://www.carrefour.es/supermercado/yogo-cake-schar-sin-gluten-sin-lactosa-165-g/R-VC4AECOMM-184869/p,Yogo cake Schär sin gluten sin lactosa 165 g.,"5,59 €",,"33,88 €/kg",,La Despensa,"Panaderia, Bollería y Pastelería",Bollería,https://static.carrefour.es/hd_510x_/img_pim_food/184869_00_1.jpg
https://www.carrefour.es/supermercado/discos-wc-activos-inodoros-lavanda-aparato-recambio-pato-1-ud/R-prod392232/p,Discos wc activos inodoros lavanda aparato + recambio Pato 1 ud.,"3,85 €",,"3,85 €/ud",,Limpieza y Hogar,Productos para Baño,WC,https://static.carrefour.es/hd_510x_/img_pim_food/462972_00_1.jpg
https://www.carrefour.es/supermercado/gel-fijador-extrafuerte-giorgi-170-ml/R-VC4AECOMM-723945/p,Gel fijador extrafuerte Giorgi 170 ml.,"2,89 €",,"1,70 €/100ml",,Perfumería e Higiene,Cabello,Fijadores,https://static.carrefour.es/hd_510x_/img_pim_food/723945_00_1.jpg
https://www.carrefour.es/supermercado/boqueron-mariposa-en-tempura-delfin-350-g/R-VC4AECOMM-376623/p,Boquerón mariposa en tempura Delfín 350 g.,"4,09 €",,"11,69 €/kg",,Congelados,Pescados Congelados,,https://static.carrefour.es/hd_510x_/img_pim_food/376623_00_1.jpg
https://www.carrefour.es/supermercado/preparado-para-batido-de-proteinas-sabor-galleta-whey-protein-sport-sensation-carrefour-doy-pack-400-g/R-VC4AECOMM-259152/p,Preparado para batido de proteínas sabor galleta Whey Protein Sport Sensation Carrefour doy pack 400 g.,"13,59 €",,"33,97 €/kg",,La Despensa,Alimentación,Nutrición deportiva,https://static.carrefour.es/hd_510x_/img_pim_food/259152_00_1.jpg
https://www.carrefour.es/supermercado/yogur-cremoso-con-frutas-del-bosque-carrefour-sensation-sin-gluten-500-g/R-VC4AECOMM-017148/p,Yogur cremoso con frutas del bosque Carrefour Sensation sin gluten 500 g,"1,15 €",,"2,30 €/kg",,La Despensa,Yogures y Postres,Yogur Natural y Sabores,https://static.carrefour.es/hd_510x_/img_pim_food/017148_00_1.jpg
https://www.carrefour.es/supermercado/salchichas-jumbo-de-pavo-oscar-mayer-sin-gluten-sin-lactosa-350-g/R-521031153/p,Salchichas Jumbo de pavo Oscar Mayer sin gluten sin lactosa 350 g.,"2,55 €",,"7,29 €/kg",,Productos Frescos,Charcutería,Salchichas,https://static.carrefour.es/hd_510x_/img_pim_food/507892_00_1.jpg
https://www.carrefour.es/supermercado/aceite-corporal-con-aloe-vera-hidrata-y-nutre-al-instante-johnsons-baby-500-ml/R-prod1140175/p,Aceite corporal con aloe vera hidrata y nutre al instante Johnson´s Baby 500 ml.,"4,05 €",,"0,81 €/100ml",,Bebé,Perfumería e Higiene,Aceite Corporal,https://static.carrefour.es/hd_510x_/img_pim_food/197535_00_1.jpg
https://www.carrefour.es/supermercado/complemento-alimenticio-dememory-30-capsulas/R-590510110/p,Complemento alimenticio DeMemory 30 cápsulas,"14,69 €",,"66,77 €/100g",,La Despensa,Alimentación,Vitaminas y Complementos,https://static.carrefour.es/hd_510x_/img_pim_food/660526_00_1.jpg
https://www.carrefour.es/supermercado/crema-de-cacao-y-leche-con-avellanas-carrefour-sin-gluten-400-g/R-prod750066/p,Crema de cacao y leche con avellanas Carrefour sin gluten 400 g.,"2,39 €",,"5,97 €/kg",,La Despensa,Dulce,"Cremas de Cacao, Avellana y Cacahuete",https://static.carrefour.es/hd_510x_/img_pim_food/858053_00_1.jpg
https://www.carrefour.es/supermercado/colorante-permanente-n-97-rubio-cobrizo-intensive-color-cream-palette-1-ud/R-797608498/p,Colorante permanente nº 9.7 rubio cobrizo Intensive Color Cream Palette 1 ud.,"4,79 €",,"4,79 €/ud",,Perfumería e Higiene,Cabello,Tinte,https://static.carrefour.es/hd_510x_/img_pim_food/900617_00_1.jpg
https://www.carrefour.es/supermercado/zumo-de-naranja-carrefour-ecologico-exprimido-sin-pulpa-pack-de-6-briks-20-cl/R-VC4AECOMM-438865/p,Zumo de naranja Carrefour ecológico exprimido sin pulpa pack de 6 briks 20 cl.,"4,59 €",,"3,82 €/l",,Bebidas,Aguas y Zumos,Zumos no Refrigerados,https://static.carrefour.es/hd_510x_/img_pim_food/438865_00_1.jpg
https://www.carrefour.es/supermercado/leche-entera-con-calcio-carrefour-brik-1-l/R-521007002/p,Leche entera con calcio Carrefour brik 1 l.,"1,10 €",,"1,10 €/l
- 6,60 €/6 uds.",,La Despensa,Lácteos,Leche,https://static.carrefour.es/hd_510x_/img_pim_food/231303_00_1.jpg
https://www.carrefour.es/supermercado/salsa-con-aceitunas-barilla-sin-gluten-tarro-400-g/R-618404246/p,Salsa con aceitunas Barilla sin gluten tarro 400 g.,"3,15 €",,"7,87 €/kg",,La Despensa,Alimentación,Salsas y Tomate Frito,https://static.carrefour.es/hd_510x_/img_pim_food/160905_00_1.jpg
https://www.carrefour.es/supermercado/crema-de-sandia-con-tequila-regidor-70-cl/R-VC4AECOMM-407942/p,Crema de sandia con tequila Regidor 70 cl.,"9,15 €",,"13,07 €/l",,Bebidas,Licores y Cremas,Cremas,https://static.carrefour.es/hd_510x_/img_pim_food/407942_00_1.jpg
https://www.carrefour.es/supermercado/postre-lacteo-sabor-vainilla-proteina-plus-sensation-carrefour-sin-gluten-y-sin-azucar-anadido-200-g/R-VC4AECOMM-431396/p,Postre lácteo sabor vainilla Proteína Plus Sensation Carrefour sin gluten y sin azúcar añadido 200 g.,"1,41 €",,"7,05 €/kg",,La Despensa,Yogures y Postres,Proteína,https://static.carrefour.es/hd_510x_/img_pim_food/431396_00_1.jpg
https://www.carrefour.es/supermercado/suavizante-concentrado-original-flor-89-lavados/R-VC4AECOMM-129098/p,Suavizante concentrado Original Flor 89 lavados.,"5,09 €",,"0,06 €/lavado",,Limpieza y Hogar,Cuidado de la Ropa,Suavizantes,https://static.carrefour.es/hd_510x_/img_pim_food/129098_00_1.jpg
https://www.carrefour.es/supermercado/harina-de-almendras-borges-200-g/R-VC4AECOMM-061034/p,Harina de almendras Borges 200 g.,"3,69 €",,"18,45 €/kg",,,,,https://static.carrefour.es/hd_510x_/img_pim_food/061034_00_1.jpg
https://www.carrefour.es/supermercado/aguacate-ecologico-carrefour-420-g/R-600709262/p,Aguacate ecológico Carrefour 420 g,"2,99 €",,"7,12 €/kg",,Productos Frescos,Frutas,"Piñas, Kiwis, Aguacates y Tropicales",https://static.carrefour.es/hd_510x_/img_pim_food/738678_00_1.jpg
https://www.carrefour.es/supermercado/cafe-en-grano-espresso-barista-intenso-lavazza-500-g/R-VC4AECOMM-262483/p,Café en grano espresso barista intenso Lavazza 500 g.,"14,29 €",,"28,58 €/kg",,La Despensa,Desayuno,Cafés,https://static.carrefour.es/hd_510x_/img_pim_food/262483_00_1.jpg
https://www.carrefour.es/supermercado/vino-tinto-de-francia-ac-bordeaux-grand-moment-75-cl/R-521032999/p,Grand Moment Tinto 2021,"5,05 €",,"5,05 €/ud",,Bebidas,Vinos,Vinos internacionales,https://static.carrefour.es/hd_510x_/img_pim_food/475830_00_1.jpg
https://www.carrefour.es/supermercado/mojama-de-atun-carrefour-el-mercado-70-g/R-VC4AECOMM-119956/p,Mojama de Atún Carrefour El Mercado 70 g,"4,95 €",,"70,71 €/kg",,Productos Frescos,Pescadería,Ahumados y Huevas,https://static.carrefour.es/hd_510x_/img_pim_food/119956_00_1.jpg
https://www.carrefour.es/supermercado/desodorante-roll-on-active-control-48h-antitranspirante-sanex-men-50-ml/R-780796839/p,Desodorante roll-on active control 48h antitranspirante Sanex Men 50 ml.,"2,09 €",,"4,18 €/100ml",,Perfumería e Higiene,Baño e Higiene Corporal,Desodorantes,https://static.carrefour.es/hd_510x_/img_pim_food/865971_00_1.jpg
https://www.carrefour.es/supermercado/complemento-alimenticio-sabor-a-vainilla-diet-wey-zero-prozis-750-g/R-VC4AECOMM-517083/p,Complemento alimenticio sabor a vainilla Diet Wey Zero Prozis 750 g.,"42,60 €",,"56,80 €/kg",,La Despensa,Alimentación,Nutrición deportiva,https://static.carrefour.es/hd_510x_/img_pim_food/517083_00_1.jpg
https://www.carrefour.es/supermercado/queso-rallado-alto-contenido-de-proteinas-eatlean-sin-lactosa-180-g/R-prod870051/p,Queso rallado alto contenido de proteínas Eatlean sin lactosa 180 g.,"4,68 €",,"26,00 €/kg",,Productos Frescos,Quesos,Rallados,https://static.carrefour.es/hd_510x_/img_pim_food/004936_00_1.jpg
https://www.carrefour.es/supermercado/extracto-de-coco-goya-400-g/R-640001955/p,Extracto de coco Goya 400 g.,"4,25 €",,"10,62 €/kg",,La Despensa,Alimentación,Salsas y Tomate Frito,https://static.carrefour.es/hd_510x_/img_pim_food/811757_00_1.jpg
https://www.carrefour.es/supermercado/refresco-de-naranja-sin-gas-botella-15-l/R-871618455/p,"Refresco de naranja sin gas botella 1,5 l.","1,05 €",,"0,70 €/l",,Bebidas,Refrescos,Sabores sin Gas,https://static.carrefour.es/hd_510x_/img_pim_food/183345_00_1.jpg
https://www.carrefour.es/supermercado/copos-de-avena-con-manzana-y-canela-500-g/R-VC4AECOMM-351338/p,Copos de avena con manzana y canela 500 g.,"3,29 €",,"6,58 €/kg",,La Despensa,Desayuno,Cereales,https://static.carrefour.es/hd_510x_/img_pim_food/351338_00_1.jpg
https://www.carrefour.es/supermercado/gnocchi-schar-sin-gluten-y-sin-lactosa-300-g/R-774706775/p,Gnocchi Schär sin gluten y sin lactosa 300 g.,"3,85 €",,"12,83 €/kg",,La Despensa,Alimentación,Pastas,https://static.carrefour.es/hd_510x_/img_pim_food/782300_00_1.jpg
https://www.carrefour.es/supermercado/alubia-blanca-pedro-1-kg/R-590207723/p,Alubia blanca Pedro 1 kg.,"3,15 €",,"3,15 €/kg",,La Despensa,Alimentación,Legumbres,https://static.carrefour.es/hd_510x_/img_pim_food/226051_00_1.jpg
https://www.carrefour.es/supermercado/caramelos-de-goma-favoritos-pica-haribo-1-kg/R-VC4AECOMM-264512/p,Caramelos de goma Favoritos Pica Haribo 1 kg.,"12,09 €",,"12,09 €/kg",,La Despensa,Dulce,Dulces y Golosinas,https://static.carrefour.es/hd_510x_/img_pim_food/264512_00_1.jpg
https://www.carrefour.es/supermercado/detergente-en-capsulas-limpieza-profunda-higiene-antiolores-wipp-express-33-lavados/R-VC4AECOMM-281438/p,Detergente en cápsulas limpieza profunda higiene antiolores Wipp Express 33 lavados.,"13,89 €",,"0,42 €/lavado",,Limpieza y Hogar,Cuidado de la Ropa,Detergentes,https://static.carrefour.es/hd_510x_/img_pim_food/281438_00_1.jpg
https://www.carrefour.es/supermercado/aceite-de-oliva-virgen-extra-ecologico-oro-de-genave-75-cl/R-520660275/p,Aceite de oliva virgen extra ecológico Oro de Génave 75 cl.,"12,80 €",,"17,07 €/l",,La Despensa,Alimentación,Aceites y vinagres,https://static.carrefour.es/hd_510x_/img_pim_food/038646_00_1.jpg
https://www.carrefour.es/supermercado/margarina-original-tulipan-sin-gluten-y-sin-lactosa-400-g/R-VC4AECOMM-057261/p,Margarina original Tulipán sin gluten y sin lactosa 400 g.,"2,49 €",,"6,23 €/kg",,La Despensa,Lácteos,Mantequillas y Margarinas,https://static.carrefour.es/hd_510x_/img_pim_food/057261_00_1.jpg
https://www.carrefour.es/supermercado/nuez-con-cascara-carrefour-bolsa-de-700-g/R-prod1130708/p,Nuez con cáscara Carrefour bolsa de 700 g,"4,27 €",,"6,10 €/kg",,La Despensa,Aperitivos,Frutos Secos,https://static.carrefour.es/hd_510x_/img_pim_food/193002_00_1.jpg
https://www.carrefour.es/supermercado/vino-rosado-de-mesa-don-simon-brik-1-l/R-520661426/p,Vino rosado de mesa Don Simón brik 1 l.,"1,60 €",,"1,60 €/l",,Bebidas,Vinos,De Mesa,https://static.carrefour.es/hd_510x_/img_pim_food/000176_00_1.jpg
https://www.carrefour.es/supermercado/leche-condensada-classic-carrefour-sin-lactosa-450-g/R-VC4AECOMM-085710/p,Leche condensada Classic Carrefour sin lactosa 450 g.,"4,45 €",,"9,89 €/kg",,La Despensa,Lácteos,"Leche Condensada, Evaporada y en Polvo",https://static.carrefour.es/hd_510x_/img_pim_food/085710_00_1.jpg
https://www.carrefour.es/supermercado/fileton-de-bacalao-salado-carrefour-el-mercado-14-kg-aprox/R-VC4AECOMM-627447/p,"Filetón de bacalao salado Carrefour el Mercado 1,4 kg aprox","7,20 €",,"17,99 €/kg",,Productos Frescos,Pescadería,Bacalao y Salazones,https://static.carrefour.es/hd_510x_/img_pim_food/627447_00_1.jpg
https://www.carrefour.es/supermercado/gran-crispy-burguer-simons-food-125-g/R-VC4AECOMM-347447/p,Gran Crispy Burguer Simon´s Food 125 g,"1,89 €",,"15,12 €/kg",,Productos Frescos,Carnicería,Otras carnes,https://static.carrefour.es/hd_510x_/img_pim_food/347447_00_1.jpg
https://www.carrefour.es/supermercado/elixir-de-aceite-reparador-del-cabello-con-aceite-de-argan-y-vitamina-e-para-todo-tipo-de-cabello-oli-elixir-gliss-75-ml/R-631001876/p,Elixir de aceite reparador del cabello con aceite de argán y vitamina E para todo tipo de cabello Oli Elixir Gliss 75 ml.,"8,75 €",,"11,67 €/100ml",,Perfumería e Higiene,Cabello,Cuidado y Tratamientos del cabello,https://static.carrefour.es/hd_510x_/img_pim_food/807327_00_1.jpg
https://www.carrefour.es/supermercado/chorizo-de-leon-extra-en-lonchas-palcarsa-sin-gluten-y-sin-lactosa-100-g/R-VC4AECOMM-299388/p,Chorizo de León extra en lonchas Palcarsa sin gluten y sin lactosa 100 g,"1,99 €",,"19,90 €/kg",,Productos Frescos,Charcutería,"Chorizo, Lomo y Otros",https://static.carrefour.es/hd_510x_/img_pim_food/299388_00_1.jpg
https://www.carrefour.es/supermercado/crema-de-anacardos-ecologica-carrefour-bio-sin-gluten-290-g/R-VC4AECOMM-066422/p,Crema de anacardos ecológica Carrefour Bio sin gluten 290 g.,"6,89 €",,"23,76 €/kg",,La Despensa,Dulce,"Cremas de Cacao, Avellana y Cacahuete",https://static.carrefour.es/hd_510x_/img_pim_food/066422_00_1.jpg
https://www.carrefour.es/supermercado/papilla-infantil-belvit-8-cereales-desde-5-meses-sin-azucar-anadido-1000-g/R-VC4AECOMM-324653/p,Papilla infantil Belvit 8 cereales desde 5 meses sin azúcar añadido 1000 g.,"18,79 €",,"18,79 €/kg",,Parafarmacia,Bebé,Papillas y Galletas,https://static.carrefour.es/hd_510x_/img_pim_food/324653_00_1.jpg
https://www.carrefour.es/supermercado/toallitas-para-bebe-con-tapa-sensitive-carrefour-baby-72-ud/R-prod395287/p,Toallitas para bebé con tapa sensitive Carrefour Baby 72 ud.,"1,58 €",,"0,02 €/ud",,Bebé,Pañales y Toallitas,Toallitas,https://static.carrefour.es/hd_510x_/img_pim_food/489929_00_1.jpg
https://www.carrefour.es/supermercado/pilas-alcalinas-carrefour-itech-aaa-lr03-paquete-32/R-VC4AECOMM-706810/p,"Pilas Alcalinas Carrefour Itech AAA/LR03, paquete 32","13,99 €",,"0,44 €/ud",,Limpieza y Hogar,Bazar,Pilas,https://static.carrefour.es/hd_510x_/img_pim_food/706810_00_1.jpg
https://www.carrefour.es/supermercado/detergente-liquido-delicado-a-mano-norit-45-lavados/R-prod580044/p,Detergente líquido delicado a mano Norit 45 lavados.,"4,65 €",,"0,10 €/lavado",,Limpieza y Hogar,Cuidado de la Ropa,Detergentes,https://static.carrefour.es/hd_510x_/img_pim_food/837633_00_1.jpg
https://www.carrefour.es/supermercado/pimiento-verde-lamuyo-granel-1-kg-aprox/R-548801612/p,Pimiento verde lamuyo granel 1 Kg aprox,"2,74 €",,"2,74 €/kg",,Productos Frescos,Verduras y hortalizas,Hortalizas,https://static.carrefour.es/hd_510x_/img_pim_food/050236_00_1.jpg
https://www.carrefour.es/supermercado/barrita-de-chocolate-negro-sabor-naranja-carrefour-sensation-40-g/R-VC4AECOMM-436746/p,Barrita de chocolate negro sabor naranja Carrefour Sensation 40 g.,"1,43 €",,"35,75 €/kg",,La Despensa,Desayuno,Barritas,https://static.carrefour.es/hd_510x_/img_pim_food/436746_00_1.jpg
https://www.carrefour.es/supermercado/exfoliante-suave-facial-para-todo-tipo-de-pieles-carrefour-soft-75-ml/R-VC4AECOMM-567947/p,Exfoliante suave facial para todo tipo de pieles Carrefour Soft 75 ml.,"2,65 €",,"3,53 €/100ml",,Perfumería e Higiene,Cuidado y Protección Corporal,Limpieza Facial,https://static.carrefour.es/hd_510x_/img_pim_food/567947_00_1.jpg
https://www.carrefour.es/supermercado/champu-anticaspa-anticaida-con-cafeina-hs-330-ml/R-VC4AECOMM-336887/p,Champú anticaspa anticaída con cafeína H&S 330 ml.,"5,45 €",,"1,65 €/100ml",,Perfumería e Higiene,Cabello,Champús,https://static.carrefour.es/hd_510x_/img_pim_food/336887_00_1.jpg
https://www.carrefour.es/supermercado/cereales-de-trigo-integral-con-pasas-coco-platano-manzana-y-avellanas-all-bran-kelloggs-500-g/R-521003319/p,"Cereales de trigo integral con pasas, coco, plátano, manzana y avellanas All Bran Kellogg's 500 g.","5,09 €",,"10,18 €/kg",,La Despensa,Desayuno,Cereales,https://static.carrefour.es/hd_510x_/img_pim_food/574602_00_1.jpg
https://www.carrefour.es/supermercado/quitagrasas-ecologico-kh-7-650-ml/R-prod760030/p,Quitagrasas ecológico KH-7 650 ml.,"4,15 €",,"6,38 €/l",,Limpieza y Hogar,Productos para Cocina,Quitagrasas,https://static.carrefour.es/hd_510x_/img_pim_food/858887_00_1.jpg
https://www.carrefour.es/supermercado/cepillo-de-dientes-medio-cerdas-cruzadas-carrefour-soft-2-ud/R-VC4AECOMM-481290/p,Cepillo de dientes medio cerdas cruzadas Carrefour Soft 2 ud.,"1,24 €",,"0,62 €/ud",,Perfumería e Higiene,Boca y Sonrisa,"Cepillos, Recambios y Accesorios",https://static.carrefour.es/hd_510x_/img_pim_food/481290_00_1.jpg
https://www.carrefour.es/supermercado/limpiador-bano-antical-expert-carrefour-750-ml/R-521001236/p,Limpiador baño antical Expert Carrefour 750 ml.,"1,58 €",,"2,11 €/l",,Limpieza y Hogar,Productos para Baño,Limpiadores Antical Baño,https://static.carrefour.es/hd_510x_/img_pim_food/587578_00_1.jpg
https://www.carrefour.es/supermercado/crema-de-chocolate-blanco-nestle-milkybar-pack-de-2-unidades-de-70-g/R-prod970931/p,Crema de chocolate blanco Nestlé Milkybar pack de 2 unidades de 70 g.,"1,73 €",,"12,36 €/kg",,La Despensa,Yogures y Postres,"Natillas, Cremas y Copas",https://static.carrefour.es/hd_510x_/img_pim_food/061920_00_1.jpg
https://www.carrefour.es/supermercado/queso-rallado-emmental-el-caserio-120-g/R-VC4AECOMM-167041/p,Queso rallado emmental El Caserío 120 g.,"2,95 €",,"24,58 €/kg",,Productos Frescos,Quesos,Todos los Quesos,https://static.carrefour.es/hd_510x_/img_pim_food/167041_00_1.jpg
https://www.carrefour.es/supermercado/col-china-1-ud/R-521033188/p,Col china 1 ud,"2,54 €",,"2,54 €/ud",,Productos Frescos,Verduras y hortalizas,Hortalizas,https://static.carrefour.es/hd_510x_/img_pim_food/072997_00_1.jpg
https://www.carrefour.es/supermercado/recambios-maquinilla-fusion5-gillette-8-ud/R-VC4AECOMM-629221/p,Recambios maquinilla Fusion5 Gillette 8 ud.,"35,10 €",,"4,39 €/ud",,Perfumería e Higiene,Depilación y Afeitado,Maquinillas y Recambios,https://static.carrefour.es/hd_510x_/img_pim_food/629221_00_1.jpg
https://www.carrefour.es/supermercado/blanqueador-ropa-en-sobres-blanco-nuclear-pack-de-6-unidades-de-20-g/R-521001651/p,Blanqueador ropa en sobres Blanco Nuclear pack de 6 unidades de 20 g.,"3,15 €",,"26,25 €/kg",,Limpieza y Hogar,Cuidado de la Ropa,Aditivos y quitamanchas,https://static.carrefour.es/hd_510x_/img_pim_food/018516_00_1.jpg
https://www.carrefour.es/supermercado/cereales-de-trigo-integral-y-maiz-tostados-con-pepitas-al-cacao-cookie-crisp-nestle-375-g/R-VC4AECOMM-469987/p,Cereales de trigo integral y maíz tostados con pepitas al cacao Cookie Crisp Nestlé 375 g.,"4,15 €",,"11,07 €/kg",,La Despensa,Desayuno,Cereales,https://static.carrefour.es/hd_510x_/img_pim_food/469987_00_1.jpg
https://www.carrefour.es/supermercado/queso-de-mezcla-tierno-el-ventero-sin-lactosa-550-g/R-VC4AECOMM-685413/p,Queso de mezcla tierno El Ventero sin lactosa 550 g,"11,99 €",,"21,80 €/kg",,Productos Frescos,Quesos,Tierno,https://static.carrefour.es/hd_510x_/img_pim_food/685413_00_1.jpg
https://www.carrefour.es/supermercado/lubricante-de-base-agua-efecto-calor-durex-50-ml/R-797926167/p,Lubricante de base agua efecto calor Durex 50 ml.,"10,55 €",,"21,10 €/100ml",,Perfumería e Higiene,Bienestar Sexual,Lubricantes,https://static.carrefour.es/hd_510x_/img_pim_food/900875_00_1.jpg
https://www.carrefour.es/supermercado/esmalte-de-unas-60-segundos-722-all-nails-on-deck-rimmel-london-1-ud/R-fprod1190626/p,Esmalte de uñas 60 segundos 722 all nails on deck Rimmel London 1 ud.,"2,65 €",,"2,65 €/ud",,Perfumería e Higiene,Cosmética,Uñas,https://static.carrefour.es/hd_510x_/img_pim_food/247430_00_1.jpg
https://www.carrefour.es/supermercado/gel-de-ducha-vainilla-carrefour-750-ml/R-fprod1380209/p,Gel de ducha vainilla Carrefour 750 ml.,"1,40 €",,"0,19 €/100ml",,Perfumería e Higiene,Baño e Higiene Corporal,Geles de Baño,https://static.carrefour.es/hd_510x_/img_pim_food/353601_00_1.jpg
https://www.carrefour.es/supermercado/vino-tinto-monastrell-ecologico-sabatacha-vendimia-seleccionada-do-jumilla-75-cl/R-VC4AECOMM-062852/p,Sabatacha 2023,"5,05 €",,"5,05 €/ud",,,,,https://static.carrefour.es/hd_510x_/img_pim_food/062852_00_1.jpg
https://www.carrefour.es/supermercado/salsa-de-soja-kikkoman-botella-150-ml/R-655301690/p,Salsa de soja Kikkoman botella 150 ml.,"5,39 €",,"35,93 €/l",,La Despensa,Alimentación,Salsas y Tomate Frito,https://static.carrefour.es/hd_510x_/img_pim_food/002227_00_1.jpg
https://www.carrefour.es/supermercado/leche-semidesnatada-pascual-sin-lactosa-pack-de-6-briks-de-200-ml/R-VC4AECOMM-185810/p,Leche semidesnatada Pascual sin lactosa pack de 6 briks de 200 ml.,"3,32 €",,"2,77 €/l",,La Despensa,Lácteos,Leche,https://static.carrefour.es/hd_510x_/img_pim_food/185810_00_1.jpg
https://www.carrefour.es/supermercado/cafe-ristretto-lor-barista-xxl-10-ud/R-prod1070537/p,Café Ristretto Lor Barista XXL 10 ud.,"6,99 €",,"67,21 €/kg",,,,,https://static.carrefour.es/hd_510x_/img_pim_food/138041_00_1.jpg
https://www.carrefour.es/supermercado/ambientador-lavavajillas-limon-carrefour-expert-2-ud/R-VC4AECOMM-116053/p,Ambientador lavavajillas limón Carrefour Expert 2 ud.,"1,50 €",,"0,75 €/ud",,Limpieza y Hogar,Productos para Cocina,Aditivos y limpiamáquinas,https://static.carrefour.es/hd_510x_/img_pim_food/116053_00_1.jpg
https://www.carrefour.es/supermercado/cepillo-masajeador-cabello-biovene-1-ud/R-VC4AECOMM-143824/p,Cepillo masajeador cabello Biovene 1 ud.,"6,09 €",,"6,09 €/ud",,Perfumería e Higiene,Cabello,"Cepillos, Peines y Accesorios",https://static.carrefour.es/hd_510x_/img_pim_food/143824_00_1.jpg
https://www.carrefour.es/supermercado/picatostes-de-pan-fritos-en-aceite-de-oliva-100-g/R-prod60199/p,Picatostes de pan fritos en aceite de oliva 100 g,"2,15 €",,"21,50 €/kg",,La Despensa,"Panaderia, Bollería y Pastelería","Pan tostado, Biscottes y Barritas",https://static.carrefour.es/hd_510x_/img_pim_food/881265_00_1.jpg
https://www.carrefour.es/supermercado/queso-parmigiano-reggiano-dop-30-meses-curacion-terre-ditalia-250-g/R-prod971164/p,Queso parmigiano reggiano D.O.P. 30 meses curación Terre D´Italia 250 g,"14,45 €",,"57,80 €/kg",,Productos Frescos,Quesos,Curado,https://static.carrefour.es/hd_510x_/img_pim_food/678016_00_1.jpg
https://www.carrefour.es/supermercado/vino-do-rias-baixas-albarino-blanco-terras-gauda-75-cl/R-520662742/p,Terras Gauda Blanco 2023,"15,89 €",,"15,89 €/ud",,Bebidas,Vinos,Blanco,https://static.carrefour.es/hd_510x_/img_pim_food/233295_00_1.jpg
https://www.carrefour.es/supermercado/regaliz-de-goma-negro-mega-torcidas-haribo-200-g/R-782401283/p,Regaliz de goma negro Mega Torcidas Haribo 200 g.,"2,49 €",,"12,45 €/kg",,La Despensa,Dulce,Dulces y Golosinas,https://static.carrefour.es/hd_510x_/img_pim_food/867484_00_1.jpg
https://www.carrefour.es/supermercado/arroz-grueso-para-paella-categoria-extra-la-fallera-1-kg/R-526510955/p,Arroz grueso para paella categoría extra La Fallera 1 kg.,"2,54 €",,"2,54 €/kg",,La Despensa,Alimentación,Arroz y Cous Cous,https://static.carrefour.es/hd_510x_/img_pim_food/273213_00_1.jpg
https://www.carrefour.es/supermercado/sacaleches-manual-2-fases-medela/R-fprod1410015/p,Sacaleches manual 2 fases Medela,"40,20 €",,"40,20 €/ud",,Bebé,Embarazo y Lactancia,"Discos, pezoneras y sacaleches",https://static.carrefour.es/hd_510x_/img_pim_food/359478_00_1.jpg
https://www.carrefour.es/supermercado/mascarilla-capilar-de-keratina-suave-liso-para-cabello-apagado-y-encrespado-pantene-pro-v-300-ml/R-VC4AECOMM-716062/p,Mascarilla capilar de keratina suave & liso para cabello apagado y encrespado Pantene Pro-V 300 ml.,"4,29 €",,"1,43 €/100ml",,Perfumería e Higiene,Cabello,Cuidado y Tratamientos del cabello,https://static.carrefour.es/hd_510x_/img_pim_food/716062_00_1.jpg
https://www.carrefour.es/supermercado/galletas-de-cereales-con-gotas-de-chocolate-fontaneda-600-g/R-521002720/p,Galletas de cereales con gotas de chocolate Fontaneda 600 g.,"4,49 €",,"7,48 €/kg",,,,,https://static.carrefour.es/hd_510x_/img_pim_food/722413_00_1.jpg
https://www.carrefour.es/supermercado/salteado-verduras-receta-tradicional-findus-salteados-500-g/R-521031681/p,Salteado verduras receta tradicional Findus-Salteados 500 g.,"4,25 €",,"8,50 €/kg",,Congelados,Salteados Congelados,,https://static.carrefour.es/hd_510x_/img_pim_food/601693_00_1.jpg
https://www.carrefour.es/supermercado/protegeslip-maxi-salvaslip-evax-40-ud/R-668701256/p,Protegeslip maxi Salvaslip Evax 40 ud.,"3,15 €",,"0,08 €/ud",,Perfumería e Higiene,Higiene íntima,Protege Slip,https://static.carrefour.es/hd_510x_/img_pim_food/329063_00_1.jpg
https://www.carrefour.es/supermercado/sazonador-para-paella-con-azafran-carmencita-sin-gluten-20-g/R-521005024/p,Sazonador para paella con azafrán Carmencita sin gluten 20 g.,"3,05 €",,"152,50 €/kg",,La Despensa,Alimentación,Especias y Sazonadores,https://static.carrefour.es/hd_510x_/img_pim_food/002140_00_1.jpg
https://www.carrefour.es/supermercado/espirales-integrales-de-trigo-de-espelta-ecologicas-carefour-bio-400-g/R-VC4AECOMM-474831/p,Espirales integrales de trigo de espelta ecológicas Carefour Bio 400 g.,"2,39 €",,"5,97 €/kg",,La Despensa,Alimentación,Pastas,https://static.carrefour.es/hd_510x_/img_pim_food/474831_00_1.jpg
https://www.carrefour.es/supermercado/contorno-de-ojos-para-las-ojeras-arrugas-y-bolsas-olay-15-ml/R-prod71267/p,"Contorno de ojos para las ojeras, arrugas y bolsas Olay 15 ml.","26,40 €",,"176,00 €/100ml",,Perfumería e Higiene,Cuidado y Protección Corporal,Piel,https://static.carrefour.es/hd_510x_/img_pim_food/211623_00_1.jpg
https://www.carrefour.es/supermercado/cepillo-interdental-micro-kin-6-ud/R-VC4AECOMM-377180/p,Cepillo Interdental micro Kin 6 ud.,"4,89 €",,"4,89 €/ud",,Parafarmacia,Higiene Bucal,Cepillos y Seda,https://static.carrefour.es/hd_510x_/img_pim_food/377180_00_1.jpg
https://www.carrefour.es/supermercado/jamon-de-teruel-en-medias-lonchas-airesano-8-estaciones-sin-gluten-y-sin-lactosa-120-g/R-VC4AECOMM-337582/p,Jamón de Teruel en medias lonchas Airesano 8 Estaciones sin gluten y sin lactosa 120 g.,"4,29 €",,"35,75 €/kg",,Productos Frescos,Charcutería,Jamón Serrano e Ibérico Envasado,https://static.carrefour.es/hd_510x_/img_pim_food/337582_00_1.jpg
https://www.carrefour.es/supermercado/mostaza-cero-prima-sin-gluten-y-sin-azucar-anadido-envase-265-g/R-prod393250/p,Mostaza Cero Prima sin gluten y sin azúcar añadido envase 265 g.,"3,19 €",,"12,04 €/kg",,La Despensa,Alimentación,Salsas y Tomate Frito,https://static.carrefour.es/hd_510x_/img_pim_food/482906_00_1.jpg
https://www.carrefour.es/supermercado/tinte-permanente-tono-611-rubio-oscuro-ceniza-excellence-cool-creme-loreal-paris-1-ud/R-VC4AECOMM-229442/p,Tinte permanente tono 6.11 rubio oscuro ceniza Excellence Cool Creme L'Oréal Paris 1 ud.,"8,89 €",,"8,89 €/ud",,Perfumería e Higiene,Cabello,Tinte,https://static.carrefour.es/hd_510x_/img_pim_food/229442_00_1.jpg
https://www.carrefour.es/supermercado/pate-de-salmon-casa-tarradellas-sin-gluten-125-g/R-521006624/p,Paté de salmón Casa Tarradellas sin gluten 125 g.,"1,58 €",,"12,64 €/kg",,Productos Frescos,Charcutería,"Foie, Patés y Sobrasadas",https://static.carrefour.es/hd_510x_/img_pim_food/002668_00_1.jpg
https://www.carrefour.es/supermercado/cereales-special-k-granola-dark-choco-320-gr/R-VC4AECOMM-057413/p,Cereales Special K Granola Dark Choco 320 gr.,"3,49 €",,"10,91 €/kg",,La Despensa,Desayuno,Cereales,https://static.carrefour.es/hd_510x_/img_pim_food/057413_00_1.jpg
https://www.carrefour.es/supermercado/bastoncillos-johnsons-baby-200-ud/R-521002548/p,Bastoncillos Johnson's Baby 200 ud.,"4,49 €",,"0,02 €/ud",,Bebé,Perfumería e Higiene,"Bastoncillos, Algodón y Sueros",https://static.carrefour.es/hd_510x_/img_pim_food/614964_00_1.jpg
https://www.carrefour.es/supermercado/queso-de-oveja-anejo-de-nuestra-tierra-cuna-200-g/R-VC4AECOMM-683036/p,Queso de oveja añejo De Nuestra Tierra cuña 200 g,"5,75 €",,"28,75 €/kg",,Productos Frescos,Quesos,Todos los Quesos,https://static.carrefour.es/hd_510x_/img_pim_food/683036_00_1.jpg
https://www.carrefour.es/supermercado/vino-blanco-joven-palomino-pazo-do-ribeiro-75-cl/R-521007961/p,Pazo Ribeiro Blanco 2023,"5,65 €",,"5,65 €/ud",,Bebidas,Vinos,Blanco,https://static.carrefour.es/hd_510x_/img_pim_food/013292_00_1.jpg
https://www.carrefour.es/supermercado/colorante-permanente-n-82-rubio-beige-intensive-color-cream-palette-1-ud/R-prod65240/p,Colorante permanente nº 8.2 rubio beige Intensive Color Cream Palette 1 ud.,"4,79 €",,"4,79 €/ud",,Perfumería e Higiene,Cabello,Tinte,https://static.carrefour.es/hd_510x_/img_pim_food/199597_00_1.jpg
https://www.carrefour.es/supermercado/cafe-en-capsulas-india-expresso-nescafe-compatible-con-nespresso-10-ud/R-VC4AECOMM-678706/p,Café en cápsulas India expresso Nescafé compatible con Nespresso 10 ud.,"3,95 €",,"89,77 €/kg",,La Despensa,Desayuno,Cafés,https://static.carrefour.es/hd_510x_/img_pim_food/678706_00_1.jpg
https://www.carrefour.es/supermercado/lomo-de-cerdo-adobado-al-horno-el-pozo-330-g/R-530706207/p,Lomo de cerdo adobado al horno El Pozo 330 g,"3,69 €",,"11,18 €/kg",,Productos Frescos,Carnicería,Otras carnes,https://static.carrefour.es/hd_510x_/img_pim_food/743258_00_1.jpg
https://www.carrefour.es/supermercado/croquetas-con-sabor-a-pollo-ecologica-soria-natural-sin-gluten-550-g/R-VC4AECOMM-059092/p,Croquetas con sabor a pollo ecológica Soria Natural sin gluten 550 g,"4,65 €",,"18,60 €/kg",,La Despensa,"Conservas, Sopas y Precocinados",Croquetas y Rebozados,https://static.carrefour.es/hd_510x_/img_pim_food/059092_00_1.jpg
https://www.carrefour.es/supermercado/azucar-de-coco-ecologico-azucarera-300-g/R-VC4AECOMM-566021/p,Azúcar de coco ecológico Azucarera 300 g.,"3,09 €",,"10,30 €/kg",,,,,https://static.carrefour.es/hd_510x_/img_pim_food/566021_00_1.jpg
https://www.carrefour.es/supermercado/guisantes-medianos-classic-carrefour-pack-de-3-latas-de-120-g/R-VC4AECOMM-312590/p,Guisantes medianos Classic Carrefour pack de 3 latas de 120 g.,"2,55 €",,"7,08 €/kg",,La Despensa,"Conservas, Sopas y Precocinados",Conservas de Vegetales,https://static.carrefour.es/hd_510x_/img_pim_food/312590_00_1.jpg
https://www.carrefour.es/supermercado/postre-lacteo-de-proteinas-liquido-desnatado-sabor-vainilla-danone-yopro-250-ml/R-VC4AECOMM-138149/p,Postre lácteo de proteínas líquido desnatado sabor vainilla Danone Yopro 250 ml.,"1,66 €",,"6,64 €/l",,La Despensa,Yogures y Postres,Proteína,https://static.carrefour.es/hd_510x_/img_pim_food/138149_00_1.jpg
https://www.carrefour.es/supermercado/lejia-con-detergente-limon-especial-cocinas-carrefour-2-l/R-798285180/p,Lejía con detergente limón Especial Cocinas Carrefour 2 l.,"1,15 €",,"0,57 €/l",,Limpieza y Hogar,Productos para toda la casa,Lejías y Amoniacos,https://static.carrefour.es/hd_510x_/img_pim_food/901435_00_1.jpg
https://www.carrefour.es/supermercado/kombucha-blue-mojito-flax-kale-botella-33-cl/R-VC4AECOMM-405927/p,Kombucha blue mojito Flax & Kale botella 33 cl.,"2,59 €",,"7,85 €/l",,Bebidas,Refrescos,Kombucha,https://static.carrefour.es/hd_510x_/img_pim_food/405927_00_1.jpg
https://www.carrefour.es/supermercado/maiz-dulce-classic-carrefour-sin-sal-y-azucar-anadido-pack-de-3-latas-de-140-g/R-VC4AECOMM-304601/p,Maíz dulce Classic Carrefour sin sal y azúcar añadido pack de 3 latas de 140 g.,"1,60 €",,"3,81 €/kg",,La Despensa,"Conservas, Sopas y Precocinados",Conservas de Vegetales,https://static.carrefour.es/hd_510x_/img_pim_food/304601_00_1.jpg
https://www.carrefour.es/supermercado/barritas-de-chocolate-con-crema-de-cacahuete-y-caramelo-snickers-minis-227-g/R-VC4AECOMM-169775/p,Barritas de chocolate con crema de cacahuete y caramelo Snickers Minis 227 g.,"4,35 €",,"19,16 €/kg",,La Despensa,Dulce,Bombones y Chocolates,https://static.carrefour.es/hd_510x_/img_pim_food/169775_00_1.jpg
https://www.carrefour.es/supermercado/crema-de-noche-antiarrugas-firmeza-loreal-revitalift-50-ml/R-520663939/p,Crema de noche antiarrugas + firmeza L'Oréal-Revitalift 50 ml.,"9,75 €",,"19,50 €/100ml",,Perfumería e Higiene,Cuidado y Protección Corporal,Piel,https://static.carrefour.es/hd_510x_/img_pim_food/030741_00_1.jpg
https://www.carrefour.es/supermercado/cogote-de-bonito-del-norte-en-aceite-de-oliva-de-nuestra-tierra-81-g/R-521006225/p,Cogote de bonito del norte en aceite de oliva De Nuestra Tierra 81 g.,"6,65 €",,"82,10 €/kg",,La Despensa,"Conservas, Sopas y Precocinados",Conservas de Pescado y Marisco,https://static.carrefour.es/hd_510x_/img_pim_food/226660_00_1.jpg
https://www.carrefour.es/supermercado/monster-energy-ultra-red-zero-bebida-energetica-sin-azucar-lata-50-cl/R-839205016/p,Monster Energy Ultra Red Zero Bebida Energética sin azúcar lata 50 cl.,"1,45 €",,"2,90 €/l",,Bebidas,Refrescos,Energéticas,https://static.carrefour.es/hd_510x_/img_pim_food/976565_00_1.jpg
https://www.carrefour.es/supermercado/vino-fino-roble-tinto-fino-legaris-do-ribera-del-duero-75-cl/R-546003737/p,Legaris Fino Roble 2022,"8,95 €",,"8,95 €/ud",,Bebidas,Vinos,Tinto,https://static.carrefour.es/hd_510x_/img_pim_food/196298_00_1.jpg
https://www.carrefour.es/supermercado/pan-tostado-focaccia-genovese-en-trozos-terre-ditalia-150-g/R-prod871422/p,Pan tostado focaccia genovese en trozos Terre d'Italia 150 g.,"2,75 €",,"18,33 €/kg",,La Despensa,"Panaderia, Bollería y Pastelería","Colines, picos y crakers",https://static.carrefour.es/hd_510x_/img_pim_food/024002_00_1.jpg
https://www.carrefour.es/supermercado/tarta-red-velvet-700-g/R-VC4AECOMM-094421/p,Tarta Red Velvet 700 g,"10,90 €",,"15,57 €/kg",,Productos Frescos,Panadería Tradicional,Pastelería y Repostería,https://static.carrefour.es/hd_510x_/img_pim_food/094421_00_1.jpg
https://www.carrefour.es/supermercado/comida-humeda-finas-lonchas-de-pollo-para-gato-adulto-purina-gourmet-diamant-85-g/R-553302061/p,Comida húmeda finas lonchas de pollo para gato adulto Purina Gourmet Diamant 85 g,"1,39 €",,"1,39 €/ud",,Mascotas,Gatos,Pienso para gatos,https://static.carrefour.es/hd_510x_/img_pim_food/579139_00_1.jpg
https://www.carrefour.es/supermercado/agua-de-colonia-soul-of-cities-men-08-roma-les-cosmetiques-100-ml/R-VC4AECOMM-305947/p,Agua de colonia Soul Of Cities Men 08. Roma Les Cosmétiques 100 ml.,"8,39 €",,"8,39 €/100ml",,Perfumería e Higiene,Baño e Higiene Corporal,Colonias,https://static.carrefour.es/hd_510x_/img_pim_food/305947_00_1.jpg
https://www.carrefour.es/supermercado/pannini-4-quesos-dr-oetker-250-g/R-521034377/p,Pannini 4 quesos Dr. Oetker 250 g.,"3,35 €",,"13,40 €/kg",,Congelados,Pizzas Congeladas,,https://static.carrefour.es/hd_510x_/img_pim_food/481058_00_1.jpg
https://www.carrefour.es/supermercado/helado-chunky-monkey-ben-jerrys-465-ml/R-VC4AECOMM-456064/p,Helado chunky monkey Ben & Jerry’s 465 ml.,"7,35 €",,"17,54 €/kg",,,,,https://static.carrefour.es/hd_510x_/img_pim_food/456064_00_1.jpg
https://www.carrefour.es/supermercado/helado-de-almendras-magnum-sin-gluten-440-ml/R-prod68808/p,Helado de almendras Magnum sin gluten 440 ml.,"7,59 €",,"25,56 €/kg",,Congelados,Helados,Tarrinas,https://static.carrefour.es/hd_510x_/img_pim_food/193100_00_1.jpg
https://www.carrefour.es/supermercado/tinte-de-cabello-permanente-sin-amoniaco-tono-80-rubio-claro-cenizo-revlon-colorsilk-1-ud/R-826435156/p,Tinte de cabello permanente sin amoniaco tono 80 rubio claro cenizo Revlon Colorsilk 1 ud.,"4,15 €",,"4,15 €/ud",,Perfumería e Higiene,Cabello,Tinte,https://static.carrefour.es/hd_510x_/img_pim_food/927342_00_1.jpg
https://www.carrefour.es/supermercado/chocolate-a-la-taza-en-polvo-valor-sin-gluten-1-kg/R-prod810391/p,Chocolate a la taza en polvo Valor sin gluten 1 kg.,"6,75 €",,"6,75 €/kg",,,,,https://static.carrefour.es/hd_510x_/img_pim_food/119220_00_1.jpg
https://www.carrefour.es/supermercado/molinillo-pimienta-negra-en-grano-carrefour-45-g/R-prod710297/p,Molinillo pimienta negra en grano Carrefour 45 g.,"1,39 €",,"30,89 €/kg",,La Despensa,Alimentación,Especias y Sazonadores,https://static.carrefour.es/hd_510x_/img_pim_food/851275_00_1.jpg
https://www.carrefour.es/supermercado/dentifrico-blanqueador-24h-de-proteccion-activa-total-colgate-75-ml/R-prod1022623/p,Dentífrico blanqueador 24h de protección activa Total Colgate 75 ml.,"2,45 €",,"3,27 €/100ml",,Perfumería e Higiene,Boca y Sonrisa,Dentífricos,https://static.carrefour.es/hd_510x_/img_pim_food/098497_00_1.jpg
https://www.carrefour.es/supermercado/boquerones-1-kg-aprox/R-628108274/p,Boquerones 1 kg aprox,"5,99 €",,,,Productos Frescos,Pescadería,Pescado Fresco,https://static.carrefour.es/hd_510x_/img_pim_food/150842_00_1.jpg
https://www.carrefour.es/supermercado/tomillo-carmencita-22-g/R-521005095/p,Tomillo Carmencita 22 g.,"2,39 €",,"119,50 €/kg",,La Despensa,Alimentación,Especias y Sazonadores,https://static.carrefour.es/hd_510x_/img_pim_food/002197_00_1.jpg
https://www.carrefour.es/supermercado/fanta-de-naranja-pack-9-latas-33-cl/R-664810926/p,Fanta de naranja pack 9 latas 33 cl.,"6,55 €",,"2,21 €/l",,Bebidas,Refrescos,Sabores con Gas,https://static.carrefour.es/hd_510x_/img_pim_food/314871_00_1.jpg
https://www.carrefour.es/supermercado/whisky-william-lawsons-escoces-70-cl/R-663901644/p,Whisky William Lawson's escocés 70 cl.,"11,19 €",,"15,99 €/l",,,,,https://static.carrefour.es/hd_510x_/img_pim_food/000313_00_1.jpg
https://www.carrefour.es/supermercado/alubias-a-la-riojana-original-carrefour-sin-gluten-420-g/R-VC4AECOMM-419526/p,Alubias a la riojana Original Carrefour sin gluten 420 g.,"1,70 €",,"4,05 €/kg",,La Despensa,"Conservas, Sopas y Precocinados",Platos Tradicionales,https://static.carrefour.es/hd_510x_/img_pim_food/419526_00_1.jpg
https://www.carrefour.es/supermercado/antical-para-lavadora-en-gel-power-gel-calgon-225-l/R-618801713/p,"Antical para lavadora en gel Power Gel Calgon 2,25 l.","28,80 €",,"12,80 €/l",,Limpieza y Hogar,Cuidado de la Ropa,Limpiadores y Antical para Lavadora,https://static.carrefour.es/hd_510x_/img_pim_food/569615_00_1.jpg
https://www.carrefour.es/supermercado/bifidus-con-trozos-de-fresa-danone-activia-pack-de-4-unidades-de-120-g/R-521029570/p,Bífidus con trozos de fresa Danone Activia pack de 4 unidades de 120 g.,"2,49 €",,"5,19 €/kg",,La Despensa,Yogures y Postres,Bífidus,https://static.carrefour.es/hd_510x_/img_pim_food/018609_00_1.jpg
https://www.carrefour.es/supermercado/nuggets-recetas-crujientes-la-cocinera-350-g/R-521031494/p,Nuggets Recetas Crujientes La Cocinera 350 g.,"5,09 €",,"14,54 €/kg",,Congelados,Rebozados y Platos Preparados,,https://static.carrefour.es/hd_510x_/img_pim_food/119358_00_1.jpg
https://www.carrefour.es/supermercado/aceitunas-pica-pica-aperitivo-450-g/R-prod280033/p,Aceitunas pica pica Aperitivo 450 g,"5,09 €",,"10,18 €/kg",,La Despensa,Aperitivos,Aceitunas y Encurtidos,https://static.carrefour.es/hd_510x_/img_pim_food/338573_00_1.jpg
https://www.carrefour.es/supermercado/duo-tiras-light-100-g/R-VC4AECOMM-616298/p,Duo Tiras Light 100 g,"0,72 €",,"0,36 €/ud",,Mascotas,Perros,"Premios, Snacks y Huesos",https://static.carrefour.es/hd_510x_/img_pim_food/616298_00_1.jpg
https://www.carrefour.es/supermercado/leche-fermentada-liquida-de-fresa-sin-azucar-anadido-carrefour-actuacol-sin-gluten-pack-de-8-unidades-de-100-g/R-VC4AECOMM-689001/p,Leche fermentada líquida de fresa sin azúcar añadido Carrefour Actuacol sin gluten pack de 8 unidades de 100 g.,"2,60 €",,"3,25 €/kg",,La Despensa,Yogures y Postres,"Colesterol, Óseo y Tensión",https://static.carrefour.es/hd_510x_/img_pim_food/689001_00_1.jpg
https://www.carrefour.es/supermercado/preparado-de-manzana-platano-arandanos-y-avena-desde-6-meses-ecologico-my-carrefour-baby-bio-sin-gluten-y-sin-azucar-anadido-pack-de-4-unidades-de-100-g/R-VC4AECOMM-126426/p,"Preparado de manzana, plátano, arándanos y avena desde 6 meses ecológico My Carrefour Baby Bio sin gluten y sin azúcar añadido pack de 4 unidades de 100 g.","2,79 €",,"6,97 €/kg",,Bebé,Alimentación infantil,"Postres, Zumos, Petit y Yogures Infantiles",https://static.carrefour.es/hd_510x_/img_pim_food/126426_00_1.jpg
https://www.carrefour.es/supermercado/yogur-griego-con-stracciatella-carrefour-extra-sin-gluten-pack-de-6-unidades-de-125-g/R-VC4AECOMM-621836/p,Yogur griego con stracciatella Carrefour Extra sin gluten pack de 6 unidades de 125 g.,"1,90 €",,"2,53 €/kg",,La Despensa,Yogures y Postres,Yogures Griegos y Enriquecidos,https://static.carrefour.es/hd_510x_/img_pim_food/621836_00_1.jpg
https://www.carrefour.es/supermercado/contorno-de-ojos-retinol-24-olay-15-ml/R-VC4AECOMM-453343/p,Contorno de ojos retinol 24 Olay 15 ml.,"34,20 €",,"228,00 €/100ml",,Perfumería e Higiene,Cosmética,Ojos,https://static.carrefour.es/hd_510x_/img_pim_food/453343_00_1.jpg
https://www.carrefour.es/supermercado/alubia-roja-ecologica-pedro-luis-500-g/R-859001956/p,Alubia roja ecológica Pedro Luis 500 g.,"3,60 €",,"7,20 €/kg",,La Despensa,Alimentación,Legumbres,https://static.carrefour.es/hd_510x_/img_pim_food/119375_00_1.jpg
https://www.carrefour.es/supermercado/cafe-molido-mezcla-descafeinado-gran-aroma-marcilla-200-g/R-731741853/p,Café molido mezcla descafeinado Gran Aroma Marcilla 200 g.,"4,25 €",,"21,25 €/kg",,La Despensa,Desayuno,Cafés,https://static.carrefour.es/hd_510x_/img_pim_food/425542_00_1.jpg
https://www.carrefour.es/supermercado/cerveza-san-miguel-radler-con-limon-pack-de-12-latas-de-33-cl/R-prod780067/p,Cerveza San Miguel Radler con limón pack de 12 latas de 33 cl.,"10,55 €",,"2,66 €/l",,Bebidas,Cerveza,"Radler, Clara",https://static.carrefour.es/hd_510x_/img_pim_food/863662_00_1.jpg
https://www.carrefour.es/supermercado/set-de-25-cuchillos-reutilizables/R-VC4AECOMM-024579/p,Set de 25 Cuchillos Reutilizables,"2,59 €",,"0,10 €/ud",,Limpieza y Hogar,Menaje,Menaje Desechable,https://static.carrefour.es/hd_510x_/img_pim_food/024579_00_1.jpg
https://www.carrefour.es/supermercado/flaminguitos-con-leche-dulcesol-3-ud/R-VC4AECOMM-144622/p,Flaminguitos con leche Dulcesol 3 ud.,"0,90 €",,"6,00 €/kg",,La Despensa,"Panaderia, Bollería y Pastelería",Bollería,https://static.carrefour.es/hd_510x_/img_pim_food/144622_00_1.jpg
https://www.carrefour.es/supermercado/bombon-helado-con-nueces-pecanas-de-texas-y-chocolate-blanco-con-caramelo-nuii-3-ud/R-VC4AECOMM-724174/p,Bombón helado con nueces pecanas de Texas y chocolate blanco con caramelo Nuii 3 ud.,"5,05 €",,"1,68 €/ud",,,,,https://static.carrefour.es/hd_510x_/img_pim_food/724174_00_1.jpg
https://www.carrefour.es/supermercado/avellana-repelada-tostada-ecologica-carrefour-180-g/R-843700658/p,Avellana Repelada Tostada Ecológica Carrefour 180 g,"4,99 €",,"27,72 €/kg",,La Despensa,Aperitivos,Frutos Secos,https://static.carrefour.es/hd_510x_/img_pim_food/986786_00_1.jpg
https://www.carrefour.es/supermercado/cava-berberana-gran-tradicion-brut-rose-do-cava-75-cl/R-VC4AECOMM-130408/p,Cava Berberana Gran Tradición Brut rosé D.O. Cava 75 cl.,"3,39 €",,"3,39 €/ud",,Bebidas,Cava y champagne,Cavas,https://static.carrefour.es/hd_510x_/img_pim_food/130408_00_1.jpg
https://www.carrefour.es/supermercado/coletero-invisible-pequeno-multicolor-ponette-4-ud/R-prod850148/p,Coletero invisible pequeño multicolor Ponette 4 ud.,"2,25 €",,"0,56 €/ud",,Perfumería e Higiene,Cabello,"Cepillos, Peines y Accesorios",https://static.carrefour.es/hd_510x_/img_pim_food/374526_00_1.jpg
https://www.carrefour.es/supermercado/bonito-del-norte-en-aceite-de-oliva-carrefour-extra-72-g/R-521006234/p,Bonito del norte en aceite de oliva Carrefour Extra 72 g.,"1,95 €",,"27,08 €/kg",,La Despensa,"Conservas, Sopas y Precocinados",Conservas de Pescado y Marisco,https://static.carrefour.es/hd_510x_/img_pim_food/231461_00_1.jpg
https://www.carrefour.es/supermercado/papel-de-horno-en-rollo-carrefour-15-metros/R-prod392803/p,Papel de horno en rollo Carrefour 15 metros.,"1,93 €",,"0,13 €/m",,Limpieza y Hogar,Conservación de Alimentos,Papel y Moldes para horno,https://static.carrefour.es/hd_510x_/img_pim_food/467794_00_1.jpg
https://www.carrefour.es/supermercado/galletas-maria-desayuno-molino-real-sin-gluten-200-g/R-VC4AECOMM-309213/p,Galletas María desayuno Molino Real sin gluten 200 g.,"1,52 €",,"7,60 €/kg",,La Despensa,"Panaderia, Bollería y Pastelería",Bollería,https://static.carrefour.es/hd_510x_/img_pim_food/309213_00_1.jpg
https://www.carrefour.es/supermercado/balsamo-reconfortante-cara-y-cuello-hidratacion-profunda-neutrogena-2-unidades-de-300-ml/R-VC4AECOMM-393613/p,Bálsamo reconfortante cara y cuello hidratación profunda Neutrogena 2 unidades de 300 ml.,"17,09 €",,"2,85 €/100ml",,Parafarmacia,Cuidado corporal,Cremas y Lociones,https://static.carrefour.es/hd_510x_/img_pim_food/393613_00_1.jpg
https://www.carrefour.es/supermercado/pepinillos-agridulces-classic-carrefour-180-g/R-VC4AECOMM-355199/p,Pepinillos agridulces Classic Carrefour 180 g.,"1,30 €",,"7,22 €/kg",,La Despensa,Aperitivos,Aceitunas y Encurtidos,https://static.carrefour.es/hd_510x_/img_pim_food/355199_00_1.jpg
https://www.carrefour.es/supermercado/pechuga-de-pavo-carrefour-el-mercado-sin-gluten-pieza-de-400-g/R-VC4AECOMM-710370/p,Pechuga de Pavo Carrefour El Mercado sin gluten pieza de 400 g,"2,69 €",,"6,72 €/kg",,Productos Frescos,Charcutería,Fiambre de Pavo y Pollo,https://static.carrefour.es/hd_510x_/img_pim_food/710370_00_1.jpg
https://www.carrefour.es/supermercado/lejia-frescor-verde-neutrex-19-l/R-VC4AECOMM-744374/p,"Lejía frescor verde Neutrex 1,9 l.","2,99 €",,"1,57 €/l",,Limpieza y Hogar,Cuidado de la Ropa,Lejías lavadora,https://static.carrefour.es/hd_510x_/img_pim_food/744374_00_1.jpg
https://www.carrefour.es/supermercado/miel-de-galicia-con-eucalipto-de-nuestra-tierra-500-g/R-prod870223/p,Miel de Galicia con eucalipto De Nuestra Tierra 500 g.,"8,35 €",,"16,70 €/kg",,La Despensa,Dulce,Miel,https://static.carrefour.es/hd_510x_/img_pim_food/006453_00_1.jpg
https://www.carrefour.es/supermercado/queso-gouda-loncheado-carrefour-150-g/R-784429250/p,Queso gouda loncheado Carrefour 150 g.,"1,86 €",,"12,40 €/kg",,Productos Frescos,Quesos,Gouda y Emmental,https://static.carrefour.es/hd_510x_/img_pim_food/873945_00_1.jpg
https://www.carrefour.es/supermercado/preparado-lacteo-infantil-de-crecimiento-desde-1-ano-blemil-plus-3-lata-800-g/R-590508934/p,Preparado lácteo infantil de crecimiento desde 1 año Blemil Plus 3 lata 800 g.,"19,15 €",,"23,94 €/kg",,Bebé,Alimentación infantil,Leches Infantiles,https://static.carrefour.es/hd_510x_/img_pim_food/558483_00_1.jpg
https://www.carrefour.es/supermercado/gel-de-ducha-sweet-melon-tulipan-negro-650-ml/R-VC4AECOMM-038675/p,Gel de ducha sweet melon Tulipán Negro 650 ml.,"1,99 €",,"3,06 €/l",,Perfumería e Higiene,Baño e Higiene Corporal,Geles de Baño,https://static.carrefour.es/hd_510x_/img_pim_food/038675_00_1.jpg
https://www.carrefour.es/supermercado/caramelos-de-goma-starmix-haribo-1-kg/R-VC4AECOMM-264513/p,Caramelos de goma Starmix Haribo 1 kg.,"9,89 €",,"9,89 €/kg",,La Despensa,Dulce,Dulces y Golosinas,https://static.carrefour.es/hd_510x_/img_pim_food/264513_00_1.jpg
https://www.carrefour.es/supermercado/gel-wc-spa-carrefour-expert-1-l/R-VC4AECOMM-105796/p,Gel WC spa Carrefour Expert 1 l.,"1,15 €",,"1,15 €/l",,Limpieza y Hogar,Productos para Baño,WC,https://static.carrefour.es/hd_510x_/img_pim_food/105796_00_1.jpg
https://www.carrefour.es/supermercado/postre-lacteo-natural-desde-6-meses-nestle-yogolino-sin-gluten-y-sin-azucar-anadido-pack-de-4-unidades-de-100-g/R-VC4AECOMM-496593/p,Postre lácteo natural desde 6 meses Nestlé Yogolino sin gluten y sin azúcar añadido pack de 4 unidades de 100 g.,"3,25 €",,"8,12 €/kg",,Bebé,Alimentación infantil,"Postres, Zumos, Petit y Yogures Infantiles",https://static.carrefour.es/hd_510x_/img_pim_food/496593_00_1.jpg
https://www.carrefour.es/supermercado/croissants-la-bella-easo-13-ud/R-VC4AECOMM-670068/p,Croissants La Bella Easo 13 ud.,"3,39 €",,"8,69 €/kg",,La Despensa,"Panaderia, Bollería y Pastelería",Bollería,https://static.carrefour.es/hd_510x_/img_pim_food/670068_00_1.jpg
https://www.carrefour.es/supermercado/datil-deshuesado-ecologico-carrefour-granel-tarrina-200-g/R-prod270558/p,Datil deshuesado ecológico Carrefour granel tarrina 200 g,"2,74 €",,"13,70 €/kg",,La Despensa,Aperitivos,Frutos Secos,https://static.carrefour.es/hd_510x_/img_pim_food/298303_00_1.jpg
https://www.carrefour.es/supermercado/pimenton-picante-carmencita-sin-gluten-47-g/R-521005010/p,Pimentón picante Carmencita sin gluten 47 g.,"2,25 €",,"50,00 €/kg",,La Despensa,Alimentación,Especias y Sazonadores,https://static.carrefour.es/hd_510x_/img_pim_food/002131_00_1.jpg
https://www.carrefour.es/supermercado/limonada-con-lima-con-gas-don-simon-lata-33-cl/R-VC4AECOMM-360225/p,Limonada con lima con gas Don Simón lata 33 cl.,"0,82 €",,"2,48 €/l",,Bebidas,Refrescos,Sabores con Gas,https://static.carrefour.es/hd_510x_/img_pim_food/360225_00_1.jpg
https://www.carrefour.es/supermercado/detergente-liquido-para-ropa-de-bebe-sin-alergenos-norit-32-lavados/R-prod580093/p,Detergente líquido para ropa de bebé sin alérgenos Norit 32 lavados.,"4,35 €",,"0,14 €/lavado",,Limpieza y Hogar,Cuidado de la Ropa,Detergentes,https://static.carrefour.es/hd_510x_/img_pim_food/837639_00_1.jpg
https://www.carrefour.es/supermercado/tomate-triturado-carrefour-lata-de-390-g/R-fprod1190604/p,Tomate triturado Carrefour lata de 390 g.,"0,65 €",,"1,62 €/kg",,La Despensa,"Conservas, Sopas y Precocinados",Conservas de Tomate,https://static.carrefour.es/hd_510x_/img_pim_food/245631_00_1.jpg
https://www.carrefour.es/supermercado/cheddar-bites-fripozo-250-g/R-VC4AECOMM-547308/p,Cheddar bites Fripozo 250 g.,"3,25 €",,"13,00 €/kg",,La Despensa,"Conservas, Sopas y Precocinados",Platos Preparados,https://static.carrefour.es/hd_510x_/img_pim_food/547308_00_1.jpg
https://www.carrefour.es/supermercado/parches-termicos-terapeuticos-thermacare-2-ud/R-VC4AECOMM-577987/p,Parches térmicos terapéuticos Thermacare 2 ud.,"10,19 €",,"5,09 €/ud",,Parafarmacia,Botiquín,Alivio del Dolor,https://static.carrefour.es/hd_510x_/img_pim_food/577987_00_1.jpg
https://www.carrefour.es/supermercado/helado-de-vainilla-y-macadamia-con-salsa-de-caramelo-carrefour-sensation-900-ml/R-804031461/p,Helado de vainilla y macadamia con salsa de caramelo Carrefour Sensation 900 ml.,"2,99 €",,"6,18 €/kg",,Congelados,Helados,Tarrinas,https://static.carrefour.es/hd_510x_/img_pim_food/899551_00_1.jpg
https://www.carrefour.es/supermercado/muesli-con-chocolate-negro-carrefour-sensation-doy-pack-500-g/R-VC4AECOMM-338659/p,Muesli con chocolate negro Carrefour Sensation doy pack 500 g.,"3,49 €",,"6,98 €/kg",,La Despensa,Desayuno,Cereales,https://static.carrefour.es/hd_510x_/img_pim_food/338659_00_1.jpg
https://www.carrefour.es/supermercado/couscous-marroqui-trevijano-300-g/R-837010502/p,Couscous marroquí Trevijano 300 g,"3,05 €",,"10,17 €/kg",,Productos Frescos,Verduras y hortalizas,Ensaladas y Verduras Preparadas,https://static.carrefour.es/hd_510x_/img_pim_food/974445_00_1.jpg
https://www.carrefour.es/supermercado/concentrado-de-proteina-de-suero-de-leche-sabor-vainilla-prozis-400-g/R-prod830224/p,Concentrado de proteína de suero de leche sabor vainilla Prozis 400 g.,"17,49 €",,"43,72 €/kg",,La Despensa,Alimentación,Nutrición deportiva,https://static.carrefour.es/hd_510x_/img_pim_food/285967_00_1.jpg
https://www.carrefour.es/supermercado/langostino-salvaje-cocido-24-32-carrefour-800-g/R-628301846/p,Langostino salvaje cocido 24/32 Carrefour 800 g.,"12,89 €",,"16,11 €/kg",,Congelados,Mariscos Congelados,,https://static.carrefour.es/hd_510x_/img_pim_food/805185_00_1.jpg
https://www.carrefour.es/supermercado/detergente-liquido-para-lana-y-prendas-delicadas-renueva-perlan-41-lavados/R-521001728/p,Detergente líquido para lana y prendas delicadas Renueva Perlan 41 lavados.,"5,99 €",,"0,15 €/lavado",,Limpieza y Hogar,Cuidado de la Ropa,Detergentes,https://static.carrefour.es/hd_510x_/img_pim_food/574631_00_1.jpg
https://www.carrefour.es/supermercado/tomate-frito-orlando-sin-gluten-lata-400-g/R-521005198/p,Tomate frito Orlando sin gluten lata 400 g.,"1,46 €",,"3,65 €/kg",,La Despensa,Alimentación,Salsas y Tomate Frito,https://static.carrefour.es/hd_510x_/img_pim_food/002202_00_1.jpg
https://www.carrefour.es/supermercado/crema-de-cacahuete-100-sensation-carrefour-sin-gluten-500-g/R-VC4AECOMM-489756/p,Crema de cacahuete 100% Sensation Carrefour sin gluten 500 g.,"2,95 €",,"5,90 €/kg",,La Despensa,Dulce,"Cremas de Cacao, Avellana y Cacahuete",https://static.carrefour.es/hd_510x_/img_pim_food/489756_00_1.jpg
https://www.carrefour.es/supermercado/snack-puffs-maiz-y-avena-ecologico-hero-solo-25-g/R-VC4AECOMM-094429/p,Snack puffs maíz y avena ecológico Hero Solo 25 g.,"1,69 €",,"67,60 €/kg",,Bebé,Alimentación infantil,Galletas y Snacks,https://static.carrefour.es/hd_510x_/img_pim_food/094429_00_1.jpg
https://www.carrefour.es/supermercado/agua-de-colonia-soul-of-cities-men-07-berlin-les-cosmetiques-100-ml/R-VC4AECOMM-305950/p,Agua de colonia Soul Of Cities Men 07. Berlín Les Cosmétiques 100 ml.,"8,39 €",,"8,39 €/100ml",,Perfumería e Higiene,Baño e Higiene Corporal,Colonias,https://static.carrefour.es/hd_510x_/img_pim_food/305950_00_1.jpg
https://www.carrefour.es/supermercado/whisky-cardhu-escoces-12-anos-70-cl/R-521028340/p,Cardhu Whisky,"39,20 €",,"56,00 €/l",,Bebidas,Alcoholes,Whisky y Bourbon,https://static.carrefour.es/hd_510x_/img_pim_food/000317_00_1.jpg
https://www.carrefour.es/supermercado/nachos-triangulares-carrefour-375-g/R-525973492/p,Nachos triangulares Carrefour 375 g,"4,00 €",,"4,00 €/ud",,La Despensa,Aperitivos,Snacks,https://static.carrefour.es/hd_510x_/img_pim_food/792121_00_1.jpg
https://www.carrefour.es/supermercado/salsa-barbacoa-cero-prima-sin-gluten-y-sin-azucar-anadido-envase-510-g/R-fprod1260027/p,Salsa barbacoa Cero Prima sin gluten y sin azúcar añadido envase 510 g.,"4,15 €",,"8,14 €/kg",,La Despensa,Alimentación,Salsas y Tomate Frito,https://static.carrefour.es/hd_510x_/img_pim_food/303995_00_1.jpg
https://www.carrefour.es/supermercado/agua-mineral-evian-15-l/R-521007963/p,"Agua mineral Evian 1,5 l.","2,55 €",,"1,70 €/l",,Bebidas,Aguas y Zumos,"Agua de 0,75 a 2 litros",https://static.carrefour.es/hd_510x_/img_pim_food/022627_00_1.jpg
https://www.carrefour.es/supermercado/lima-pedicura-electrica-dytas/R-prod870046/p,Lima pedicura eléctrica Dytas,"14,49 €",,"14,49 €/ud",,Perfumería e Higiene,Cosmética,Accesorios de Maquillaje y Manicura y Pedicura,https://static.carrefour.es/hd_510x_/img_pim_food/005359_00_1.jpg
https://www.carrefour.es/supermercado/queso-semicurado-en-lonchas-mezcla-garcia-baquero-200-g/R-521030527/p,Queso semicurado en lonchas mezcla García Baquero 200 g.,"4,03 €",,"20,15 €/kg",,Productos Frescos,Quesos,Semicurado,https://static.carrefour.es/hd_510x_/img_pim_food/414672_00_1.jpg
https://www.carrefour.es/supermercado/chopped-de-pavo-el-pozo-sin-gluten-225-g/R-VC4AECOMM-710616/p,Chopped de pavo El Pozo sin gluten 225 g.,"2,15 €",,"9,56 €/kg",,Productos Frescos,Charcutería,Fiambre de Pavo y Pollo,https://static.carrefour.es/hd_510x_/img_pim_food/710616_00_1.jpg
https://www.carrefour.es/supermercado/ginseng-complemento-alimenticio-jalea-real-vitaminas-revital-20-ampollas/R-590508846/p,Ginseng complemento alimenticio Jalea Real + Vitaminas Revital 20 ampollas.,"18,15 €",,"9,07 €/100ml",,Parafarmacia,Nutrición y Dietética,Complementos Vitamínicos,https://static.carrefour.es/hd_510x_/img_pim_food/556155_00_1.jpg
https://www.carrefour.es/supermercado/batido-de-cacao-shake-cola-cao-sin-azucar-anadido-200-ml/R-832342829/p,Batido de cacao Shake Cola Cao sin azúcar añadido 200 ml.,"1,75 €",,"8,75 €/l",,La Despensa,Lácteos,Listo para beber,https://static.carrefour.es/hd_510x_/img_pim_food/967939_00_1.jpg
https://www.carrefour.es/supermercado/crema-hidratante-facial-te-verde-garnier-skin-naturals-50-ml/R-696708800/p,Crema Hidratante Facial Té verde Garnier-Skin Naturals 50 ml.,"6,75 €",,"13,50 €/100ml",,Perfumería e Higiene,Cuidado y Protección Corporal,Piel,https://static.carrefour.es/hd_510x_/img_pim_food/095846_00_1.jpg
https://www.carrefour.es/supermercado/crema-vientre-reductor-y-reafirmante-tyalocare-225-ml/R-prod1140325/p,Crema Vientre reductor y reafirmante Tyalocare 225 ml.,"8,15 €",,"3,62 €/100ml",,Parafarmacia,Cuidado corporal,Cremas y Lociones,https://static.carrefour.es/hd_510x_/img_pim_food/201382_00_1.jpg
https://www.carrefour.es/supermercado/bebida-de-fruta-melocoton-carrefour-classic-sin-azucar-anadido-brik-1-l/R-prod730831/p,Bebida de fruta melocotón Carrefour Classic´ sin azúcar añadido brik 1 l.,"0,99 €",,"0,99 €/l",,Bebidas,Aguas y Zumos,Zumos no Refrigerados,https://static.carrefour.es/hd_510x_/img_pim_food/855250_00_1.jpg
https://www.carrefour.es/supermercado/ensalada-vital-carrefour-150-g/R-521032364/p,Ensalada vital Carrefour 150 g,"1,00 €",,"6,67 €/kg",,Productos Frescos,Verduras y hortalizas,Ensaladas y Verduras Preparadas,https://static.carrefour.es/hd_510x_/img_pim_food/641524_00_1.jpg
https://www.carrefour.es/supermercado/gel-champu-original-denenes-600-ml/R-521002487/p,Gel champú Original Denenes 600 ml.,"4,15 €",,"0,69 €/100ml",,Bebé,Perfumería e Higiene,Jabón Líquido,https://static.carrefour.es/hd_510x_/img_pim_food/001443_00_1.jpg
https://www.carrefour.es/supermercado/cerveza-tostada-estrella-galicia-00-alcohol-pack-6-botellas-25-cl/R-VC4AECOMM-530568/p,Cerveza tostada Estrella Galicia 0.0 alcohol pack 6 botellas 25 cl.,"4,49 €",,"2,99 €/l",,Bebidas,Cerveza,Tostada - Roja,https://static.carrefour.es/hd_510x_/img_pim_food/530568_00_1.jpg
https://www.carrefour.es/supermercado/limpia-hogar-multiusos-lavanda-ecologico-frosch-1-l/R-590206995/p,Limpia hogar multiusos lavanda ecológico Frosch 1 l.,"3,55 €",,"3,55 €/l",,Limpieza y Hogar,Productos para toda la casa,Suelos,https://static.carrefour.es/hd_510x_/img_pim_food/197357_00_1.jpg
https://www.carrefour.es/supermercado/flan-con-caramelo-liquido-molino-real-sin-gluten-130-g/R-808443922/p,Flan con caramelo líquido Molino Real sin gluten 130 g.,"1,35 €",,"10,38 €/kg",,,,,https://static.carrefour.es/hd_510x_/img_pim_food/930017_00_1.jpg
https://www.carrefour.es/supermercado/vino-frizzante-blanco-verdejo-amaranta-75-cl/R-VC4AECOMM-439350/p,Vino frizzante blanco verdejo Amaranta 75 cl.,"2,35 €",,"2,35 €/ud",,Bebidas,Vinos,Blanco,https://static.carrefour.es/hd_510x_/img_pim_food/439350_00_1.jpg
https://www.carrefour.es/supermercado/pizza-prosciutto-funghi-grandissima-ristorante-580-g/R-prod870418/p,Pizza prosciutto funghi grandissima Ristorante 580 g.,"5,45 €",,"9,40 €/kg",,Congelados,Pizzas Congeladas,,https://static.carrefour.es/hd_510x_/img_pim_food/308941_00_1.jpg
https://www.carrefour.es/supermercado/queso-de-tetilla-gallego-dop-tetilla-de-nuestra-tierra-pieza-de-850-g-aprox/R-VC4AECOMM-671046/p,Queso de tetilla Gallego D.O.P. Tetilla De Nuestra Tierra pieza de 850 g aprox,"16,36 €",,"19,25 €/kg",,Productos Frescos,Quesos,Todos los Quesos,https://static.carrefour.es/hd_510x_/img_pim_food/671046_00_1.jpg
https://www.carrefour.es/supermercado/burguer-better-balance-200-g/R-VC4AECOMM-190935/p,Burguer Better Balance 200 g.,"5,45 €",,"27,25 €/kg",,La Despensa,"Conservas, Sopas y Precocinados",Platos Preparados,https://static.carrefour.es/hd_510x_/img_pim_food/190935_00_1.jpg
https://www.carrefour.es/supermercado/pate-de-aceituna-negra-de-nuestra-tierra-100-g/R-VC4AECOMM-434295/p,Paté de aceituna negra De Nuestra Tierra 100 g.,"2,79 €",,"27,90 €/kg",,Productos Frescos,Charcutería,"Foie, Patés y Sobrasadas",https://static.carrefour.es/hd_510x_/img_pim_food/434295_00_1.jpg
https://www.carrefour.es/supermercado/confitura-de-cerezas-diet-hero-sin-azucar-anadido-280-g/R-VC4AECOMM-787876/p,Confitura de cerezas Diet Hero sin azúcar añadido 280 g.,"3,09 €",,"11,04 €/kg",,La Despensa,Dulce,"Mermeladas, Membrillos y Compotas",https://static.carrefour.es/hd_510x_/img_pim_food/787876_00_1.jpg
https://www.carrefour.es/supermercado/crema-bombon-original-clesa-sin-gluten-pack-de-8-unidades-de-125-g/R-fprod1460155/p,Crema bombón Original Clesa sin gluten pack de 8 unidades de 125 g.,"3,09 €",,"3,09 €/kg",,La Despensa,Yogures y Postres,"Natillas, Cremas y Copas",https://static.carrefour.es/hd_510x_/img_pim_food/387672_00_1.jpg
https://www.carrefour.es/supermercado/barritas-de-chocolate-negro-y-cereales-bicentury-120-g/R-823507443/p,Barritas de chocolate negro y cereales Bicentury 120 g.,"3,65 €",,"30,42 €/kg",,La Despensa,Desayuno,Barritas,https://static.carrefour.es/hd_510x_/img_pim_food/958132_00_1.jpg
https://www.carrefour.es/supermercado/galletas-rellenas-de-crema-de-chocolate-mega-carrefour-classic-500-g/R-prod224299/p,Galletas rellenas de crema de chocolate Mega Carrefour Classic 500 g.,"1,25 €",,"2,50 €/kg",,La Despensa,Desayuno,Galletas,https://static.carrefour.es/hd_510x_/img_pim_food/275249_00_1.jpg
https://www.carrefour.es/supermercado/pomada-del-panal-reparadora-zn40-baby-naturals-isdin-50-ml/R-609203564/p,Pomada del pañal reparadora ZN40 Baby Naturals Isdin 50 ml.,"9,39 €",,"18,78 €/100ml",,Bebé,Perfumería e Higiene,"Crema Corporal, Talcos y Anti-irritación",https://static.carrefour.es/hd_510x_/img_pim_food/398603_00_1.jpg
https://www.carrefour.es/supermercado/champu-fortificante-revlon-flex-650-ml/R-520663149/p,Champú fortificante Revlon Flex 650 ml.,"3,39 €",,"0,52 €/100ml",,Perfumería e Higiene,Cabello,Champús,https://static.carrefour.es/hd_510x_/img_pim_food/116838_00_1.jpg
https://www.carrefour.es/supermercado/champu-fortificante-nutri-rizos-contouring-para-cabello-rizado-u-ondulado-garnier-fructis-360-ml/R-prod64598/p,Champú fortificante Nutri Rizos Contouring para cabello rizado u ondulado Garnier-Fructis 360 ml.,"4,55 €",,"1,20 €/100ml",,Perfumería e Higiene,Cabello,Champús,https://static.carrefour.es/hd_510x_/img_pim_food/199474_00_1.jpg
https://www.carrefour.es/supermercado/tomate-triturado-primera-ecologico-carrefour-bio-sin-gluten-660-g/R-521005894/p,Tomate triturado primera ecológico Carrefour Bio sin gluten 660 g.,"2,65 €",,"4,02 €/kg",,La Despensa,"Conservas, Sopas y Precocinados",Conservas de Tomate,https://static.carrefour.es/hd_510x_/img_pim_food/418350_00_1.jpg
https://www.carrefour.es/supermercado/croissant-brioche-1-ud/R-VC4AECOMM-651611/p,Croissant Brioche 1 ud.,"0,89 €",,"8,09 €/kg",,Productos Frescos,Panadería Tradicional,Bollería Tradicional,https://static.carrefour.es/hd_510x_/img_pim_food/651611_00_1.jpg
https://www.carrefour.es/supermercado/bifidus-desnatado-con-kiwi-danone-activia-sin-azucar-anadido-pack-de-4-unidades-de-120-g/R-521029576/p,Bífidus desnatado con kiwi Danone Activia sin azúcar añadido pack de 4 unidades de 120 g.,"2,49 €",,"5,19 €/kg",,La Despensa,Yogures y Postres,Bífidus,https://static.carrefour.es/hd_510x_/img_pim_food/549211_00_1.jpg
https://www.carrefour.es/supermercado/chocolate-con-leche-y-avellanas-nestle-extrafino-sin-gluten-123-g/R-808555215/p,Chocolate con leche y avellanas Nestlé Extrafino sin gluten 123 g.,"2,05 €",,"16,67 €/kg",,La Despensa,Dulce,Bombones y Chocolates,https://static.carrefour.es/hd_510x_/img_pim_food/931099_00_1.jpg
https://www.carrefour.es/supermercado/patatas-fritas-churreria-santa-ana-sin-gluten-pack-de-2-bolsas-de-135-g/R-521003690/p,Patatas fritas churrería Santa Ana sin gluten pack de 2 bolsas de 135 g.,"3,45 €",,"12,78 €/kg",,La Despensa,Aperitivos,Patatas Fritas,https://static.carrefour.es/hd_510x_/img_pim_food/613623_00_1.jpg
https://www.carrefour.es/supermercado/crema-aquaporin-active-para-piel-normal-y-mixta-50-ml-eucerin-1-ud/R-801412203/p,Crema Aquaporin Active para piel normal y mixta 50 ml. Eucerin 1 ud.,"21,90 €",,"43,80 €/100ml",,Parafarmacia,Cuidado e higiene facial,Cremas faciales,https://static.carrefour.es/hd_510x_/img_pim_food/905766_00_1.jpg
https://www.carrefour.es/supermercado/queso-curado-de-cabra-vega-de-san-martin-250-g/R-VC4AECOMM-633864/p,Queso curado de cabra Vega de San Martín 250 g.,"8,86 €",,"35,44 €/kg",,Productos Frescos,Quesos,Curado,https://static.carrefour.es/hd_510x_/img_pim_food/633864_00_1.jpg
https://www.carrefour.es/supermercado/fanta-de-limon-zero-lata-33-cl/R-520660602/p,Fanta de limón Zero lata 33 cl.,"0,75 €",,"2,27 €/l
- 6,00 €/8 uds.",,Bebidas,Refrescos,Sabores con Gas,https://static.carrefour.es/hd_510x_/img_pim_food/064633_00_1.jpg
https://www.carrefour.es/supermercado/leche-desnatada-kaiku-sin-lactosa-brik-1-l/R-521007032/p,Leche desnatada Kaiku sin lactosa brik 1 l.,"1,36 €",,"1,36 €/l",,La Despensa,Lácteos,Leche,https://static.carrefour.es/hd_510x_/img_pim_food/584074_00_1.jpg
https://www.carrefour.es/supermercado/mascarilla-fortificante-con-aloe-herbal-essences-500-ml/R-VC4AECOMM-495733/p,Mascarilla fortificante con aloe Herbal Essences 500 ml.,"10,35 €",,"2,07 €/100ml",,Perfumería e Higiene,Cabello,Cuidado y Tratamientos del cabello,https://static.carrefour.es/hd_510x_/img_pim_food/495733_00_1.jpg
https://www.carrefour.es/supermercado/cafe-latte-macchiato-caramelo-carrefour-sensation-sin-gluten-250-ml/R-fprod1260228/p,Café latte macchiato caramelo Carrefour Sensation sin gluten 250 ml.,"0,72 €",,"2,88 €/l",,La Despensa,Lácteos,Listo para beber,https://static.carrefour.es/hd_510x_/img_pim_food/322772_00_1.jpg
https://www.carrefour.es/supermercado/pate-a-las-finas-hierbas-classic-carrefour-sin-gluten-y-sin-lactosa-160-g/R-prod930066/p,Paté a las finas hierbas Classic Carrefour sin gluten y sin lactosa 160 g.,"1,11 €",,"6,94 €/kg",,Productos Frescos,Charcutería,"Foie, Patés y Sobrasadas",https://static.carrefour.es/hd_510x_/img_pim_food/044289_00_1.jpg
https://www.carrefour.es/supermercado/chocolate-con-leche-con-trozos-de-almendras-con-miel-piramidone-carrefour-extra-100-g/R-VC4AECOMM-720345/p,Chocolate con leche con trozos de almendras con miel Piramidone Carrefour Extra 100 g.,"1,81 €",,"18,10 €/kg",,,,,https://static.carrefour.es/hd_510x_/img_pim_food/720345_00_1.jpg
https://www.carrefour.es/supermercado/chocolate-negro-suave-con-toque-de-sal-lindt-excellence-100-g/R-546306132/p,Chocolate negro suave con toque de sal Lindt Excellence 100 g.,"3,29 €",,"32,90 €/kg",,La Despensa,Dulce,Bombones y Chocolates,https://static.carrefour.es/hd_510x_/img_pim_food/144819_00_1.jpg
https://www.carrefour.es/supermercado/barritas-de-cereales-tostados-con-cacao-y-leche-nesquik-nestle-pack-de-12-unidades-de-25-g/R-VC4AECOMM-084381/p,Barritas de cereales tostados con cacao y leche Nesquik Nestlé pack de 12 unidades de 25 g.,"4,45 €",,"14,83 €/kg",,La Despensa,Desayuno,Barritas,https://static.carrefour.es/hd_510x_/img_pim_food/084381_00_1.jpg
https://www.carrefour.es/supermercado/crema-de-manos-concentrada-sin-perfume-alivio-inmediato-para-manos-secas-neutrogena-50-ml/R-590507808/p,Crema de manos concentrada sin perfume alivio inmediato para manos secas Neutrogena 50 ml.,"7,89 €",,"15,78 €/100ml",,Parafarmacia,Cuidado de manos y pies,Crema de Manos,https://static.carrefour.es/hd_510x_/img_pim_food/543757_00_1.jpg
https://www.carrefour.es/supermercado/crema-volume-filler-dia-piel-noche-eucerin-50-ml/R-709601841/p,Crema Volume Filler día piel noche Eucerin 50 ml.,"36,20 €",,"72,40 €/100ml",,Parafarmacia,Cuidado e higiene facial,Cremas faciales,https://static.carrefour.es/hd_510x_/img_pim_food/424160_00_1.jpg
https://www.carrefour.es/supermercado/patatas-fritas-en-aceite-de-oliva-virgen-extra-frit-ravich-160-g/R-530305149/p,Patatas fritas en aceite de oliva virgen extra Frit Ravich 160 g.,"2,49 €",,"14,65 €/kg",,La Despensa,Aperitivos,Patatas Fritas,https://static.carrefour.es/hd_510x_/img_pim_food/459506_00_1.jpg
https://www.carrefour.es/supermercado/tomate-cherry-sabores-carrefour-500-gr/R-VC4AECOMM-729693/p,Tomate Cherry Sabores Carrefour 500 gr,"3,09 €",,"6,18 €/kg",,Productos Frescos,Verduras y hortalizas,Tomates y Pepinos,https://static.carrefour.es/hd_510x_/img_pim_food/729693_00_1.jpg
https://www.carrefour.es/supermercado/gel-para-lavavajillas-limon-desengrasante-finish-50-lavados/R-835176073/p,Gel para lavavajillas limón desengrasante Finish 50 lavados.,"10,69 €",,"0,21 €/lavado",,Limpieza y Hogar,Productos para Cocina,Lavavajillas a máquina,https://static.carrefour.es/hd_510x_/img_pim_food/970927_00_1.jpg
https://www.carrefour.es/supermercado/sardinas-en-aceite-de-oliva-extra-ecologico-planeta-huerto-133-g/R-VC4AECOMM-370438/p,Sardinas en aceite de oliva extra ecológico Planeta Huerto 133 g.,"4,49 €",,"23,63 €/kg",,La Despensa,"Conservas, Sopas y Precocinados",Conservas de Pescado y Marisco,https://static.carrefour.es/hd_510x_/img_pim_food/370438_00_1.jpg
https://www.carrefour.es/supermercado/6-bayetas-multiusos-carrefour-amarilla/R-609801012/p,6 Bayetas Multiusos Carrefour - Amarilla,"1,55 €",,"0,26 €/ud",,Limpieza y Hogar,Utensilios de Limpieza,Bayetas Microfibra Atrapapolvo,https://static.carrefour.es/hd_510x_/img_pim_food/258282_00_1.jpg
https://www.carrefour.es/supermercado/pan-pepito-panceliac-sin-gluten-y-sin-lactosa-50-g/R-746105073/p,Pan pepito Panceliac sin gluten y sin lactosa 50 g.,"0,87 €",,"17,40 €/kg",,La Despensa,"Panaderia, Bollería y Pastelería",Pan de Molde,https://static.carrefour.es/hd_510x_/img_pim_food/749057_00_1.jpg
https://www.carrefour.es/supermercado/ron-carum-anejo-70-cl/R-VC4AECOMM-487905/p,Ron Carum añejo 70 cl.,"6,65 €",,"9,50 €/l",,,,,https://static.carrefour.es/hd_510x_/img_pim_food/487905_00_1.jpg
https://www.carrefour.es/supermercado/chorizo-picante-extra-de-leon-palcarsa-sarta-de-325-g/R-prod180091/p,Chorizo Picante Extra de Léon Palcarsa sarta de 325 g,"5,85 €",,"18,00 €/kg",,Productos Frescos,Charcutería,"Chorizo, Lomo y Otros",https://static.carrefour.es/hd_510x_/img_pim_food/262984_00_1.jpg
https://www.carrefour.es/supermercado/preparado-lacteo-infantil-de-crecimiento-desde-12-meses-nestle-nativa-3-sin-azucar-anadido-brik-1-l/R-521028700/p,Preparado lácteo infantil de crecimiento desde 12 meses Nestlé Nativa 3 sin azúcar añadido brik 1 l.,"2,39 €",,"2,39 €/l",,Bebé,Alimentación infantil,Leches Infantiles,https://static.carrefour.es/hd_510x_/img_pim_food/372211_00_1.jpg
https://www.carrefour.es/supermercado/bebida-refrescante-aromatizada-con-agua-mineral-y-zumo-de-frutas-del-bosque-carrefour-sin-azucares-anadidos-15-l/R-VC4AECOMM-435080/p,"Bebida refrescante aromatizada con agua mineral y zumo de frutas del bosque Carrefour sin azúcares añadidos 1,5 l.","1,18 €",,"0,79 €/l",,Bebidas,Aguas y Zumos,Agua con sabor,https://static.carrefour.es/hd_510x_/img_pim_food/435080_00_1.jpg
https://www.carrefour.es/supermercado/queso-madurado-de-cabra-con-trufa-negra-la-laguna-500-g-aprox/R-VC4AECOMM-666432/p,Queso madurado de cabra con trufa negra La Laguna 500 g aprox,"11,22 €",,"22,44 €/kg",,Productos Frescos,Quesos,Todos los Quesos,https://static.carrefour.es/hd_510x_/img_pim_food/666432_00_1.jpg
https://www.carrefour.es/supermercado/jabon-para-bano-con-leche-de-almendras-dulces-para-cuerpo-y-cabello-nenuco-650-ml/R-VC4AECOMM-225783/p,Jabón para baño con leche de almendras dulces para cuerpo y cabello Nenuco 650 ml.,"3,85 €",,"0,59 €/100ml",,Bebé,Perfumería e Higiene,Jabón Líquido,https://static.carrefour.es/hd_510x_/img_pim_food/225783_00_1.jpg
https://www.carrefour.es/supermercado/pan-molde-integral-con-8-cereales-y-semillas-bimbo-silueta-600-g/R-521030480/p,Pan molde integral con 8 cereales y semillas Bimbo Silueta 600 g.,"3,09 €",,"5,15 €/kg",,La Despensa,"Panaderia, Bollería y Pastelería",Pan de Molde,https://static.carrefour.es/hd_510x_/img_pim_food/041680_00_1.jpg
https://www.carrefour.es/supermercado/vino-tinto-3-reinos-do-valdepenas-75-cl/R-fprod1260290/p,Vino tinto 3 Reinos D.O. Valdepeñas 75 cl.,"1,50 €",,"1,50 €/ud",,Bebidas,Vinos,Tinto,https://static.carrefour.es/hd_510x_/img_pim_food/323004_00_1.jpg
https://www.carrefour.es/supermercado/cayena-guindillas-carmencita-18-g/R-521005049/p,Cayena guindillas Carmencita 18 g.,"2,65 €",,"147,22 €/kg",,La Despensa,Alimentación,Especias y Sazonadores,https://static.carrefour.es/hd_510x_/img_pim_food/002160_00_1.jpg
https://www.carrefour.es/supermercado/detergente-en-capsulas-higiene-advanced-colon-32-lavados/R-prod1130429/p,Detergente en cápsulas higiene Advanced Colon 32 lavados,"16,45 €",,"0,51 €/lavado",,Limpieza y Hogar,Cuidado de la Ropa,Detergentes,https://static.carrefour.es/hd_510x_/img_pim_food/184573_00_1.jpg
https://www.carrefour.es/supermercado/esponja-maquilladora-0-latex-fussy-1-ud/R-fprod1230217/p,Esponja maquilladora 0% Latex Fussy 1 ud.,"2,65 €",,"2,65 €/ud",,Perfumería e Higiene,Cosmética,Accesorios de Maquillaje y Manicura y Pedicura,https://static.carrefour.es/hd_510x_/img_pim_food/291154_00_1.jpg
https://www.carrefour.es/supermercado/chipirones-rellenos-al-ajillo-dani-96-g/R-VC4AECOMM-018254/p,Chipirones rellenos al ajillo Dani 96 g.,"3,25 €",,"33,85 €/kg",,La Despensa,"Conservas, Sopas y Precocinados",Conservas de Pescado y Marisco,https://static.carrefour.es/hd_510x_/img_pim_food/018254_00_1.jpg
https://www.carrefour.es/supermercado/recambios-maquinilla-mach3-gillette-15-ud/R-VC4AECOMM-629242/p,Recambios maquinilla Mach3 Gillette 15 ud.,"45,80 €",,"3,05 €/ud",,Perfumería e Higiene,Depilación y Afeitado,Maquinillas y Recambios,https://static.carrefour.es/hd_510x_/img_pim_food/629242_00_1.jpg
https://www.carrefour.es/supermercado/patatas-fritas-onduladas-sabor-queso-curado-sensation-carrefour-sin-guten-150-g/R-VC4AECOMM-239547/p,Patatas fritas onduladas sabor queso curado Sensation Carrefour sin guten 150 g.,"1,38 €",,"9,20 €/kg",,La Despensa,Aperitivos,Patatas Fritas,https://static.carrefour.es/hd_510x_/img_pim_food/239547_00_1.jpg
https://www.carrefour.es/supermercado/dentifrico-con-fluor-de-uso-diario-frescor-diario-parodontax-75-ml/R-VC4AECOMM-469406/p,Dentífrico con flúor de uso diario frescor diario Parodontax 75 ml.,"5,19 €",,"6,92 €/100ml",,Perfumería e Higiene,Boca y Sonrisa,Dentífricos,https://static.carrefour.es/hd_510x_/img_pim_food/469406_00_1.jpg
https://www.carrefour.es/supermercado/mini-empanadilla-de-atun-12-ud/R-826900484/p,Mini empanadilla de atún 12 ud,"3,90 €",,"0,32 €/ud",,Productos Frescos,Panadería Tradicional,Empanadas y hojaldres,https://static.carrefour.es/hd_510x_/img_pim_food/961053_00_1.jpg
https://www.carrefour.es/supermercado/garbanzos-con-espinacas-classic-carrefour-sin-gluten-430-g/R-VC4AECOMM-128389/p,Garbanzos con espinacas Classic Carrefour sin gluten 430 g.,"1,63 €",,"3,79 €/kg",,La Despensa,"Conservas, Sopas y Precocinados",Platos Preparados,https://static.carrefour.es/hd_510x_/img_pim_food/128389_00_1.jpg
https://www.carrefour.es/supermercado/tarrito-de-calabaza-y-calabacin-desde-4-meses-ecologico-smileat-sin-gluten-230-g/R-846800378/p,Tarrito de calabaza y calabacín desde 4 meses ecológico Smileat sin gluten 230 g.,"2,55 €",,"11,09 €/kg",,Bebé,Alimentación infantil,Tarritos y Platos Preparados,https://static.carrefour.es/hd_510x_/img_pim_food/021149_00_1.jpg
https://www.carrefour.es/supermercado/aperitivo-de-patata-sabor-pizza-pringles-185-g/R-VC4AECOMM-142083/p,Aperitivo de patata sabor pizza Pringles 185 g.,"2,59 €",,"14,00 €/kg",,La Despensa,Aperitivos,Patatas Fritas,https://static.carrefour.es/hd_510x_/img_pim_food/142083_00_1.jpg
https://www.carrefour.es/supermercado/esparragos-verdes-8-16-ecologicos-carrefour-bio-185-g/R-VC4AECOMM-457393/p,Espárragos verdes 8/16 ecológicos Carrefour Bio 185 g.,"5,19 €",,"28,05 €/kg",,La Despensa,"Conservas, Sopas y Precocinados",Conservas de Vegetales,https://static.carrefour.es/hd_510x_/img_pim_food/457393_00_1.jpg
https://www.carrefour.es/supermercado/crema-de-anacardo-sensation-carrefour-sin-gluten-200-g/R-VC4AECOMM-598245/p,Crema de anacardo Sensation Carrefour sin gluten 200 g.,"6,15 €",,"30,75 €/kg",,La Despensa,Dulce,"Cremas de Cacao, Avellana y Cacahuete",https://static.carrefour.es/hd_510x_/img_pim_food/598245_00_1.jpg
https://www.carrefour.es/supermercado/tinto-de-verano-con-limon-sin-alcohol-don-simon-botella-15-l/R-840100462/p,"Tinto de verano con limón sin alcohol Don Simón botella 1,5 l.","1,40 €",,"0,93 €/l",,Bebidas,Vinos,Sangría y Tinto de Verano,https://static.carrefour.es/hd_510x_/img_pim_food/977234_00_1.jpg
https://www.carrefour.es/supermercado/locion-corporal-extra-hidratante-piel-normal-seca-natural-honey-600-ml/R-prod971721/p,Loción corporal extra hidratante piel normal seca Natural Honey 600 ml.,"7,05 €",,"1,17 €/100ml",,Perfumería e Higiene,Cuidado y Protección Corporal,"Body Milk, Hidratación Bajo la Ducha",https://static.carrefour.es/hd_510x_/img_pim_food/069098_00_1.jpg
https://www.carrefour.es/supermercado/alcachofas-baby-carrefour-classic-300-g/R-589702174/p,Alcachofas baby Carrefour Classic' 300 g.,"2,99 €",,"9,97 €/kg",,Congelados,Verduras Congeladas,,https://static.carrefour.es/hd_510x_/img_pim_food/306852_00_1.jpg
https://www.carrefour.es/supermercado/harina-de-coco-ecologica-amandin-400-g/R-VC4AECOMM-426622/p,Harina de coco ecológica Amandin 400 g.,"2,81 €",,"7,03 €/kg",,La Despensa,Alimentación,Harinas y Levaduras,https://static.carrefour.es/hd_510x_/img_pim_food/426622_00_1.jpg
https://www.carrefour.es/supermercado/balsamo-tigre-balm-19-g/R-VC4AECOMM-543727/p,Bálsamo Tigre Balm 19 g.,"11,09 €",,"58,37 €/100g",,Parafarmacia,Cuidado e higiene facial,Cremas faciales,https://static.carrefour.es/hd_510x_/img_pim_food/543727_00_1.jpg
https://www.carrefour.es/supermercado/vino-lambrusco-rosato-casteldiserra-75-cl/R-VC4AECOMM-297786/p,Vino Lambrusco rosato Casteldiserra 75 cl.,"1,90 €",,"1,90 €/ud",,Bebidas,Vinos,Rosado,https://static.carrefour.es/hd_510x_/img_pim_food/297786_00_1.jpg
https://www.carrefour.es/supermercado/chocolate-con-leche-sabu-sin-gluten-100-g/R-VC4AECOMM-592392/p,Chocolate con leche Sabú sin gluten 100 g.,"0,72 €",,"7,20 €/kg",,La Despensa,Dulce,Bombones y Chocolates,https://static.carrefour.es/hd_510x_/img_pim_food/592392_00_1.jpg
https://www.carrefour.es/supermercado/bifidus-desnatado-con-frutas-del-bosque-carrefour-sin-gluten-y-sin-azucar-anadido-pack-de-4-unidades-de-125-g/R-VC4AECOMM-550304/p,Bífidus desnatado con frutas del bosque Carrefour sin gluten y sin azúcar añadido pack de 4 unidades de 125 g.,"1,30 €",,"2,60 €/kg",,La Despensa,Yogures y Postres,Bífidus,https://static.carrefour.es/hd_510x_/img_pim_food/550304_00_1.jpg
https://www.carrefour.es/supermercado/jacqs-colonia-100-ml/R-520663694/p,JACQ`S COLONIA 100 ML.,"6,65 €",,"6,65 €/100ml",,Perfumería e Higiene,Baño e Higiene Corporal,Colonias,https://static.carrefour.es/hd_510x_/img_pim_food/028667_00_1.jpg
https://www.carrefour.es/supermercado/dentifrico-proteccion-caries-maximum-caries-protection-colgate-pack-de-2-unidades-de-75-ml/R-521028431/p,Dentífrico protección caries Maximum Caries Protection Colgate pack de 2 unidades de 75 ml.,"2,89 €",,"1,93 €/100ml",,Perfumería e Higiene,Boca y Sonrisa,Dentífricos,https://static.carrefour.es/hd_510x_/img_pim_food/556803_00_1.jpg
https://www.carrefour.es/supermercado/picos-gordos-bajos-en-sal-con-aceite-de-olvia-virgen-extra-carrefour-180-g/R-prod930223/p,Picos gordos bajos en sal con aceite de olvia virgen extra Carrefour 180 g.,"0,97 €",,"5,39 €/kg",,La Despensa,"Panaderia, Bollería y Pastelería","Colines, picos y crakers",https://static.carrefour.es/hd_510x_/img_pim_food/046209_00_1.jpg
https://www.carrefour.es/supermercado/ravioli-de-carne-con-verduras-carrefour-extra-250-g/R-prod500129/p,Ravioli de carne con verduras Carrefour Extra 250 g.,"1,76 €",,"7,04 €/kg",,La Despensa,"Conservas, Sopas y Precocinados",Platos Preparados,https://static.carrefour.es/hd_510x_/img_pim_food/831744_00_1.jpg
https://www.carrefour.es/supermercado/arroz-3-delicias-carretilla-sin-gluten-sin-aceite-de-palma-250-g/R-639801856/p,Arroz 3 delicias Carretilla sin gluten sin aceite de palma 250 g.,"3,45 €",,"13,80 €/kg",,La Despensa,"Conservas, Sopas y Precocinados",Platos Preparados,https://static.carrefour.es/hd_510x_/img_pim_food/343450_00_1.jpg
https://www.carrefour.es/supermercado/limpiahogar-multisuperficies-frescor-pino-carrefour-15-l/R-VC4AECOMM-478637/p,"Limpiahogar multisuperficies frescor pino Carrefour 1,5 l.","1,49 €",,"0,99 €/l",,Limpieza y Hogar,Productos para toda la casa,Suelos,https://static.carrefour.es/hd_510x_/img_pim_food/478637_00_1.jpg
https://www.carrefour.es/supermercado/gel-crema-para-contorno-de-ojos-hyaluronic-vitamina-b5-olay-15-ml/R-VC4AECOMM-144483/p,Gel crema para contorno de ojos Hyaluronic + Vitamina B5 Olay 15 ml.,"31,70 €",,"211,33 €/100ml",,Perfumería e Higiene,Cosmética,Rostro,https://static.carrefour.es/hd_510x_/img_pim_food/144483_00_1.jpg
https://www.carrefour.es/supermercado/nuggets-de-pollo-carrefour-classic-500-g/R-VC4AECOMM-694165/p,Nuggets de pollo Carrefour Classic 500 g.,"2,45 €",,"4,90 €/kg",,Congelados,Rebozados y Platos Preparados,,https://static.carrefour.es/hd_510x_/img_pim_food/694165_00_1.jpg
https://www.carrefour.es/supermercado/conos-con-helado-de-tres-chocolates-carrefour-6-ud/R-651302488/p,Conos con helado de tres chocolates Carrefour 6 ud.,"3,09 €",,"0,51 €/ud",,Congelados,Helados,Conos,https://static.carrefour.es/hd_510x_/img_pim_food/003804_00_1.jpg
https://www.carrefour.es/supermercado/pizza-con-queso-y-tomate-buitoni-sin-gluten-y-sin-lactosa-360-g/R-VC4AECOMM-413821/p,Pizza con queso y tomate Buitoni sin gluten y sin lactosa 360 g.,"5,99 €",,"16,64 €/kg",,Congelados,Pizzas Congeladas,,https://static.carrefour.es/hd_510x_/img_pim_food/413821_00_1.jpg
https://www.carrefour.es/supermercado/tapita-marinera-mediterranea-belmonte-gourmet-300-g/R-prod150274/p,Tapita Marinera Mediterránea Belmonte Gourmet 300 g,"8,49 €",,"28,30 €/kg",,Productos Frescos,Pescadería,Preparados y elaborados de Pescado y Marisco,https://static.carrefour.es/hd_510x_/img_pim_food/230931_00_1.jpg
https://www.carrefour.es/supermercado/caramelos-con-palo-chupa-chups-sin-gluten-y-sin-azucar-6-ud/R-526517369/p,Caramelos con palo Chupa Chups sin gluten y sin azúcar 6 ud.,"2,85 €",,"43,18 €/kg",,La Despensa,Dulce,Dulces y Golosinas,https://static.carrefour.es/hd_510x_/img_pim_food/100395_00_1.jpg
https://www.carrefour.es/supermercado/mini-cookies-carrefour-150-g/R-VC4AECOMM-513773/p,Mini cookies Carrefour 150 g.,"1,32 €",,"8,80 €/kg",,La Despensa,Desayuno,Galletas,https://static.carrefour.es/hd_510x_/img_pim_food/513773_00_1.jpg
https://www.carrefour.es/supermercado/callos-a-la-madrilena-original-carrefour-sin-gluten-380-g/R-VC4AECOMM-437565/p,Callos a la madrileña Original Carrefour sin gluten 380 g.,"2,29 €",,"6,03 €/kg",,La Despensa,"Conservas, Sopas y Precocinados",Platos Tradicionales,https://static.carrefour.es/hd_510x_/img_pim_food/437565_00_1.jpg
https://www.carrefour.es/supermercado/yogur-con-fresas-ecologico-junior-casa-grande-de-xanceda-sin-gluten-pack-de-2-unidades-de-125-g/R-590206223/p,Yogur con fresas ecológico Junior Casa Grande de Xanceda sin gluten pack de 2 unidades de 125 g.,"2,15 €",,"8,60 €/kg",,La Despensa,Yogures y Postres,Yogures Infantiles,https://static.carrefour.es/hd_510x_/img_pim_food/187219_00_1.jpg
https://www.carrefour.es/supermercado/cepillo-de-dientes-suave-lacer-2-ud/R-prod1140079/p,Cepillo de dientes suave Lacer 2 ud.,"6,55 €",,"3,27 €/ud",,Parafarmacia,Higiene Bucal,Cepillos y Seda,https://static.carrefour.es/hd_510x_/img_pim_food/193814_00_1.jpg
https://www.carrefour.es/supermercado/gel-multidermol-750-ml/R-619501576/p,Gel Multidermol 750 ml.,"8,95 €",,"1,19 €/100ml",,Parafarmacia,Cuidado corporal,Jabones y Geles,https://static.carrefour.es/hd_510x_/img_pim_food/687569_00_1.jpg
https://www.carrefour.es/supermercado/cebolla-confitada-carrefour-seleccion-100-g/R-521006687/p,Cebolla Confitada Carrefour Selección 100 g.,"2,95 €",,"29,50 €/kg",,La Despensa,"Conservas, Sopas y Precocinados",Conservas de Vegetales,https://static.carrefour.es/hd_510x_/img_pim_food/030505_00_1.jpg
https://www.carrefour.es/supermercado/queso-de-oveja-viejo-classic-carrefour-250-g-cortado/R-VC4AECOMM-104847/p,Queso de oveja viejo Classic´ Carrefour 250 g. cortado,"6,05 €",,"24,20 €/kg",,Productos Frescos,Quesos,Curado,https://static.carrefour.es/hd_510x_/img_pim_food/104847_00_1.jpg
https://www.carrefour.es/supermercado/cerveza-mahou-5-estrellas-sin-gluten-lata-33-cl/R-829217576/p,Cerveza Mahou 5 Estrellas sin gluten lata 33 cl.,"0,84 €",,"2,55 €/l",,Bebidas,Cerveza,Todas las Cervezas,https://static.carrefour.es/hd_510x_/img_pim_food/964368_00_1.jpg
https://www.carrefour.es/supermercado/bebida-de-fruta-de-arandano-rojo-carrefour-sensation-brik-1-l/R-687502762/p,Bebida de fruta de arándano rojo Carrefour Sensation brik 1 l.,"2,45 €",,"2,45 €/l",,Bebidas,Aguas y Zumos,Zumos no Refrigerados,https://static.carrefour.es/hd_510x_/img_pim_food/078682_00_1.jpg
https://www.carrefour.es/supermercado/desodorante-en-spray-marine-axe-pack-de-2-unidades-de-150-ml/R-VC4AECOMM-672915/p,Desodorante en spray Marine Axe pack de 2 unidades de 150 ml.,"5,40 €",,"1,80 €/100ml",,Perfumería e Higiene,Baño e Higiene Corporal,Desodorantes,https://static.carrefour.es/hd_510x_/img_pim_food/672915_00_1.jpg
https://www.carrefour.es/supermercado/galletas-de-chocolate-rellenas-de-crema-oreo-154-g/R-526510911/p,Galletas de chocolate rellenas de crema Oreo 154 g.,"1,41 €",,"9,16 €/kg",,La Despensa,Desayuno,Galletas,https://static.carrefour.es/hd_510x_/img_pim_food/255705_00_1.jpg
https://www.carrefour.es/supermercado/crema-fortalecedora-ceramide-protect-para-piel-muy-seca-mixa-sensitive-skin-expert-400-ml/R-VC4AECOMM-365410/p,Crema fortalecedora ceramide protect para piel muy seca Mixa Sensitive Skin Expert 400 ml.,"7,99 €",,"2,00 €/100ml",,Perfumería e Higiene,Cuidado y Protección Corporal,"Body Milk, Hidratación Bajo la Ducha",https://static.carrefour.es/hd_510x_/img_pim_food/365410_00_1.jpg
https://www.carrefour.es/supermercado/infusion-en-bolsitas-delgaxan-fibra-plus-pompadour-20-ud/R-VC4AECOMM-014252/p,Infusión en bolsitas Delgaxan Fibra Plus Pompadour 20 ud.,"3,19 €",,"79,75 €/kg",,La Despensa,Desayuno,Infusiones y Tés,https://static.carrefour.es/hd_510x_/img_pim_food/014252_00_1.jpg
https://www.carrefour.es/supermercado/pate-de-jamon-york-50-grasa-la-piara-168-g/R-521006664/p,Paté de jamón york -50 % grasa La Piara 168 g.,"4,39 €",,"26,13 €/kg",,Productos Frescos,Charcutería,"Foie, Patés y Sobrasadas",https://static.carrefour.es/hd_510x_/img_pim_food/542099_00_1.jpg
https://www.carrefour.es/supermercado/desodorante-en-spray-invisible-dry-72h-advanced-care-dove-pack-de-2-unidades-de-200-ml/R-VC4AECOMM-195464/p,Desodorante en spray Invisible Dry 72h Advanced Care Dove pack de 2 unidades de 200 ml.,"5,59 €",,"1,40 €/100ml",,Perfumería e Higiene,Baño e Higiene Corporal,Desodorantes,https://static.carrefour.es/hd_510x_/img_pim_food/195464_00_1.jpg
https://www.carrefour.es/supermercado/porciones-de-carne-de-pavo-rebozadas-maheso-sin-gluten-400-g/R-VC4AECOMM-487693/p,Porciones de carne de pavo rebozadas Maheso sin gluten 400 g.,"3,55 €",,"8,87 €/kg",,Congelados,Rebozados y Platos Preparados,,https://static.carrefour.es/hd_510x_/img_pim_food/487693_00_1.jpg
https://www.carrefour.es/supermercado/colonia-para-bebe-sin-alcohol-perfuma-y-refresca-mustela-200-ml/R-590509744/p,Colonia para bebe sin alcohol perfuma y refresca Mustela 200 ml.,"9,09 €",,"4,54 €/100ml",,Parafarmacia,Bebé,Accesorios Baño,https://static.carrefour.es/hd_510x_/img_pim_food/632049_00_1.jpg
https://www.carrefour.es/supermercado/cafe-molido-mezcla-natural-saimaza-250-g/R-521003031/p,Café molido mezcla natural Saimaza 250 g.,"3,35 €",,"13,40 €/kg",,La Despensa,Desayuno,Cafés,https://static.carrefour.es/hd_510x_/img_pim_food/001713_00_1.jpg
https://www.carrefour.es/supermercado/tarta-brownie-cake-550-g/R-VC4AECOMM-241471/p,Tarta Brownie Cake 550 g,"10,90 €",,"10.900,00 €/kg",,Productos Frescos,Panadería Tradicional,Pastelería y Repostería,https://static.carrefour.es/hd_510x_/img_pim_food/241471_00_1.jpg
https://www.carrefour.es/supermercado/tortitas-de-maiz-con-olivas-y-cebollino-bicentury-124-g/R-754706063/p,Tortitas de maíz con olivas y cebollino Bicentury 124 g.,"2,35 €",,"18,95 €/kg",,La Despensa,Aperitivos,Tortitas,https://static.carrefour.es/hd_510x_/img_pim_food/763745_00_1.jpg
https://www.carrefour.es/supermercado/detergente-liquido-jabon-de-marsella-omino-bianco-67-lavados/R-VC4AECOMM-082336/p,Detergente líquido jabón de Marsella Omino Bianco 67 lavados,"17,15 €",,"0,26 €/lavado",,Limpieza y Hogar,Cuidado de la Ropa,Detergentes,https://static.carrefour.es/hd_510x_/img_pim_food/082336_00_1.jpg
https://www.carrefour.es/supermercado/reign-melon-mania-bebida-energetica-sabor-melon-lata-50-cl/R-VC4AECOMM-514813/p,Reign Melon Mania Bebida Energética sabor melón lata 50 cl.,"2,15 €",,"4,30 €/l",,Bebidas,Refrescos,Energéticas,https://static.carrefour.es/hd_510x_/img_pim_food/514813_00_1.jpg
https://www.carrefour.es/supermercado/infusion-duerme-bien-plus-en-bolsitas-pompadur-20-ud/R-654501908/p,Infusión duerme bien plus en bolsitas Pompadur 20 ud.,"2,99 €",,"67,95 €/kg",,La Despensa,Desayuno,Infusiones y Tés,https://static.carrefour.es/hd_510x_/img_pim_food/214567_00_1.jpg
https://www.carrefour.es/supermercado/colageno-hidrolizado-en-comprimidos-sanon-sin-gluten-180-ud/R-prod490050/p,Colágeno hidrolizado en comprimidos Sanon sin gluten 180 ud.,"10,65 €",,"1,31 €/100g",,Parafarmacia,Nutrición y Dietética,Complementos Vitamínicos,https://static.carrefour.es/hd_510x_/img_pim_food/829894_00_1.jpg
https://www.carrefour.es/supermercado/anis-chinchon-dulce-1-l/R-538001406/p,Anís Chinchón dulce 1 l.,"11,19 €",,"11,19 €/l",,Bebidas,Licores y Cremas,Anís y Chinchón,https://static.carrefour.es/hd_510x_/img_pim_food/000388_00_1.jpg
https://www.carrefour.es/supermercado/desodorante-en-spray-active-control-48h-antitranspirante-sanex-men-200-ml/R-522713613/p,Desodorante en spray active control 48h antitranspirante Sanex Men 200 ml.,"3,45 €",,"1,72 €/100ml",,Perfumería e Higiene,Baño e Higiene Corporal,Desodorantes,https://static.carrefour.es/hd_510x_/img_pim_food/221035_00_1.jpg
https://www.carrefour.es/supermercado/set-de-3-botes-rectangulares-de-plastico-crf-home-carrefour-09-l-transparente/R-609801630/p,"Set de 3 Botes Rectangulares de Plástico CRF HOME Carrefour 0,9 L. - Transparente","2,55 €",,"0,85 €/ud",,Limpieza y Hogar,Menaje,Herméticos,https://static.carrefour.es/hd_510x_/img_pim_food/729958_00_1.jpg
https://www.carrefour.es/supermercado/galletas-con-relleno-cremoso-notes-schar-sin-gluten-81-g/R-prod1150233/p,Galletas con relleno cremoso Notes Schär sin gluten 81 g.,"4,19 €",,"51,73 €/kg",,La Despensa,Desayuno,Galletas,https://static.carrefour.es/hd_510x_/img_pim_food/031831_00_1.jpg
https://www.carrefour.es/supermercado/prime-lima-limon-botella-500-ml/R-VC4AECOMM-194919/p,Prime lima limón botella 500 ml.,"3,25 €",,"6,50 €/l",,Bebidas,Refrescos,Isotónicas,https://static.carrefour.es/hd_510x_/img_pim_food/194919_00_1.jpg
https://www.carrefour.es/supermercado/carne-de-vieira-cruda-congelada-carrefour-400-g/R-526010779/p,Carne de vieira cruda congelada Carrefour 400 g,"13,50 €",,"42,19 €/kg",,Congelados,Mariscos Congelados,,https://static.carrefour.es/hd_510x_/img_pim_food/792510_00_1.jpg
https://www.carrefour.es/supermercado/cafe-con-leche-en-capsulas-central-lechera-asturiana-compatible-con-dolce-gusto-16-unidades-de-10-g/R-prod720402/p,Café con leche en cápsulas Central Lechera Asturiana compatible con Dolce Gusto 16 unidades de 10 g.,"4,85 €",,"30,31 €/kg",,La Despensa,Desayuno,Cafés,https://static.carrefour.es/hd_510x_/img_pim_food/852869_00_1.jpg
https://www.carrefour.es/supermercado/apositos-callos-entre-dedos-compeed-10-ud/R-590507776/p,Apósitos callos entre dedos Compeed 10 ud.,"6,79 €",,"0,68 €/ud",,Parafarmacia,Botiquín,Apósitos y Gasas,https://static.carrefour.es/hd_510x_/img_pim_food/543714_00_1.jpg
https://www.carrefour.es/supermercado/pate-a-la-pimienta-classic-carrefour-sin-gluten-y-sin-lactosa-160-g/R-prod930006/p,Paté a la pimienta Classic Carrefour sin gluten y sin lactosa 160 g.,"1,11 €",,"6,94 €/kg",,Productos Frescos,Charcutería,"Foie, Patés y Sobrasadas",https://static.carrefour.es/hd_510x_/img_pim_food/044271_00_1.jpg
https://www.carrefour.es/supermercado/radiatori-garofalo-500-g/R-793104322/p,Radiatori Garofalo 500 g.,"1,84 €",,"3,68 €/kg",,La Despensa,Alimentación,Pastas,https://static.carrefour.es/hd_510x_/img_pim_food/891429_00_1.jpg
https://www.carrefour.es/supermercado/caja-de-2-botellas-de-vino-tinto-crianza-cune-75-cl-2-botellas-de-vino-tinto-crianza-glorioso-do-ca-rioja-75-cl/R-prod810837/p,Caja 4 Botellas (2 + 2) Cune + Glorioso Tinto Crianza,"23,00 €",,"23,00 €/ud",,Bebidas,Vinos,Estuches de vino,https://static.carrefour.es/hd_510x_/img_pim_food/240899_00_1.jpg
https://www.carrefour.es/supermercado/muesli-de-quinoa-y-chocolate-ecologico-carrefour-bio-375-g/R-VC4AECOMM-718840/p,Muesli de quinoa y chocolate ecológico Carrefour Bio 375 g.,"3,49 €",,"9,31 €/kg",,La Despensa,Desayuno,Cereales,https://static.carrefour.es/hd_510x_/img_pim_food/718840_00_1.jpg
https://www.carrefour.es/supermercado/pizza-barbacoa-vegetal-vegalia-campofrio-360-g/R-VC4AECOMM-388803/p,Pizza barbacoa vegetal Vegalia Campofrío 360 g.,"3,59 €",,"9,97 €/kg",,La Despensa,"Conservas, Sopas y Precocinados",Pizzas,https://static.carrefour.es/hd_510x_/img_pim_food/388803_00_1.jpg
https://www.carrefour.es/supermercado/set-3-filtros-de-agua-brita-microdisc/R-prod224456/p,Set 3 Filtros de Agua BRITA MicroDisc,"13,99 €",,"4,66 €/ud",,Limpieza y Hogar,Menaje,Jarras y filtros de agua,https://static.carrefour.es/hd_510x_/img_pim_food/962356_00_1.jpg
https://www.carrefour.es/supermercado/postre-de-crema-inglesa-con-manzana-caramelizada-carrefour-extra-sin-gluten-pack-de-2-unidades-de-135-g/R-VC4AECOMM-095252/p,Postre de crema inglesa con manzana caramelizada Carrefour Extra sin gluten pack de 2 unidades de 135 g.,"2,45 €",,"9,07 €/kg",,La Despensa,Yogures y Postres,"Natillas, Cremas y Copas",https://static.carrefour.es/hd_510x_/img_pim_food/095252_00_1.jpg
https://www.carrefour.es/supermercado/tostadas-ligeras-de-arroz-integral-y-castana-ecologicas-soria-natural-sin-gluten-95-g/R-prod360253/p,Tostadas ligeras de arroz integral y castaña ecológicas Soria Natural sin gluten 95 g.,"3,69 €",,"38,84 €/kg",,La Despensa,"Panaderia, Bollería y Pastelería","Pan tostado, Biscottes y Barritas",https://static.carrefour.es/hd_510x_/img_pim_food/426719_00_1.jpg
https://www.carrefour.es/supermercado/bacalao-desmigado-desalado-carrefour-el-mercado-250-g/R-VC4AECOMM-713810/p,Bacalao desmigado desalado Carrefour El Mercado 250 g,"5,59 €",,"22,36 €/kg",,Productos Frescos,Pescadería,Bacalao y Salazones,https://static.carrefour.es/hd_510x_/img_pim_food/713810_00_1.jpg
https://www.carrefour.es/supermercado/serum-anti-arrugas-revitalift-filler-15-acido-hialuronico-puro-loreal-paris-30-ml/R-VC4AECOMM-477713/p,"Sérum anti-arrugas Revitalift Filler 1,5% Ácido hialurónico Puro L´Oréal Paris 30 ml.","23,99 €",,"79,97 €/100ml",,Perfumería e Higiene,Cosmética,Rostro,https://static.carrefour.es/hd_510x_/img_pim_food/477713_00_1.jpg
https://www.carrefour.es/supermercado/chocolate-puro-100-cacao-ecologico-planeta-huerto-sin-gluten-y-sin-lactosa-100-g/R-prod310171/p,Chocolate puro 100% cacao ecológico Planeta Huerto sin gluten y sin lactosa 100 g.,"2,99 €",,"29,90 €/kg",,La Despensa,Dulce,Bombones y Chocolates,https://static.carrefour.es/hd_510x_/img_pim_food/370422_00_1.jpg
https://www.carrefour.es/supermercado/atun-claro-en-aceite-de-oliva-carrefour-pack-de-3-latas-de-104-g/R-521029278/p,Atún claro en aceite de oliva Carrefour pack de 3 latas de 104 g.,"5,35 €",,"17,15 €/kg",,La Despensa,"Conservas, Sopas y Precocinados",Conservas de Pescado y Marisco,https://static.carrefour.es/hd_510x_/img_pim_food/639065_00_1.jpg
https://www.carrefour.es/supermercado/piedra-blanca-de-limpieza-chubb-500-g/R-VC4AECOMM-789354/p,Piedra blanca de limpieza Chubb 500 g.,"4,49 €",,"8,98 €/kg",,Limpieza y Hogar,Productos para toda la casa,Limpiacristales y Multiusos,https://static.carrefour.es/hd_510x_/img_pim_food/789354_00_1.jpg
https://www.carrefour.es/supermercado/psyllium-ecologico-naturgreen-sin-gluten-doy-pack-125-g/R-VC4AECOMM-694113/p,Psyllium ecológico Naturgreen sin gluten doy pack 125 g.,"5,69 €",,"56,90 €/kg",,La Despensa,Alimentación,Vitaminas y Complementos,https://static.carrefour.es/hd_510x_/img_pim_food/694113_00_1.jpg
https://www.carrefour.es/supermercado/pudding-sabor-a-cacahuete-proteina-plus-carrefour-sensation-sin-gluten-y-sin-azucar-anadido-200-g/R-VC4AECOMM-185286/p,Pudding sabor a cacahuete proteína plus Carrefour Sensation sin gluten y sin azúcar añadido 200 g.,"1,41 €",,"7,05 €/kg",,La Despensa,Yogures y Postres,Proteína,https://static.carrefour.es/hd_510x_/img_pim_food/185286_00_1.jpg
https://www.carrefour.es/supermercado/guisantes-con-zanahoria-carrefour-pack-de-3-unidades-de-130-g/R-521005906/p,Guisantes con Zanahoria Carrefour pack de 3 unidades de 130 g.,"2,09 €",,"5,36 €/kg",,La Despensa,"Conservas, Sopas y Precocinados",Conservas de Vegetales,https://static.carrefour.es/hd_510x_/img_pim_food/048685_00_1.jpg
https://www.carrefour.es/supermercado/ron-miel-carum-70-cl/R-VC4AECOMM-487876/p,Ron miel Carum 70 cl.,"6,39 €",,"9,13 €/l",,,,,https://static.carrefour.es/hd_510x_/img_pim_food/487876_00_1.jpg
https://www.carrefour.es/supermercado/champu-anticaida-pilexil-500-ml/R-590502632/p,Champú anticaída Pilexil 500 ml.,"19,69 €",,"3,94 €/100ml",,Parafarmacia,Cabello,Champús Anticaída,https://static.carrefour.es/hd_510x_/img_pim_food/158039_00_1.jpg
https://www.carrefour.es/supermercado/cepillo-interdental-angular-extrafino-lacer-10-ud/R-VC4AECOMM-243901/p,Cepillo interdental angular extrafino Lacer 10 ud.,"7,69 €",,"0,77 €/ud",,Parafarmacia,Higiene Bucal,Cepillos y Seda,https://static.carrefour.es/hd_510x_/img_pim_food/243901_00_1.jpg
https://www.carrefour.es/supermercado/champu-proteccion-color-para-cabello-tenido-o-con-mechas-tresemme-685-ml/R-VC4AECOMM-318596/p,Champú protección color para cabello teñido o con mechas Tresemmé 685 ml.,"5,69 €",,"0,83 €/100ml",,Perfumería e Higiene,Cabello,Champús,https://static.carrefour.es/hd_510x_/img_pim_food/318596_00_1.jpg
https://www.carrefour.es/supermercado/brocha-flat-top-kabuki-para-maquillaje-fluido-beter-1-ud/R-prod520785/p,Brocha Flat Top Kabuki para maquillaje fluido Beter 1 ud.,"9,29 €",,"9,29 €/ud",,Perfumería e Higiene,Cosmética,Accesorios de Maquillaje y Manicura y Pedicura,https://static.carrefour.es/hd_510x_/img_pim_food/833938_00_1.jpg
https://www.carrefour.es/supermercado/vino-tinto-joven-tempranillo-tres-reinos-doca-rioja-75-cl/R-prod590345/p,Vino tinto joven tempranillo Tres Reinos D.O.Ca. Rioja 75 cl.,"2,29 €",,"2,29 €/ud",,,,,https://static.carrefour.es/hd_510x_/img_pim_food/838590_00_1.jpg
https://www.carrefour.es/supermercado/espaguetis-carrefour-500-g/R-544101814/p,Espaguetis Carrefour 500 g.,"0,78 €",,"1,56 €/kg",,La Despensa,Alimentación,Pastas,https://static.carrefour.es/hd_510x_/img_pim_food/229736_00_1.jpg
https://www.carrefour.es/supermercado/reganas-de-pan-carrefour-el-mercado-500-g/R-789855620/p,Regañás de pan Carrefour El Mercado 500 g,"2,69 €",,"5,38 €/kg",,La Despensa,"Panaderia, Bollería y Pastelería","Colines, picos y crakers",https://static.carrefour.es/hd_510x_/img_pim_food/885461_00_1.jpg
https://www.carrefour.es/supermercado/limpiador-desinfectante-de-banos-sin-lejia-carrefour-750-ml/R-VC4AECOMM-532270/p,Limpiador desinfectante de baños sin lejía Carrefour 750 ml.,"1,55 €",,"2,07 €/l",,Limpieza y Hogar,Productos para Baño,Limpiadores Antical Baño,https://static.carrefour.es/hd_510x_/img_pim_food/532270_00_1.jpg
https://www.carrefour.es/supermercado/biberon-anticolico-tetina-de-silicona-flujo-3-1m-natural-response-philips-avent-260-ml/R-VC4AECOMM-214752/p,Biberón anticólico tetina de silicona flujo 3 1m+ Natural Response Philips Avent 260 ml.,"9,29 €",,"9,29 €/ud",,Parafarmacia,Bebé,Puericultura,https://static.carrefour.es/hd_510x_/img_pim_food/214752_00_1.jpg
https://www.carrefour.es/supermercado/vino-blanco-extraseco-ecologico-signoria-dei-dogi-doc-treviso-prosecco-75-cl/R-VC4AECOMM-149804/p,Signoria Dei Dogi Blanco Extra Seco Blanco,"8,39 €",,"8,39 €/ud",,Bebidas,Vinos,Blanco,https://static.carrefour.es/hd_510x_/img_pim_food/149804_00_1.jpg
https://www.carrefour.es/supermercado/kuyx-de-naranja-sin-gas-light-zero-azucares-botella-3-l/R-VC4AECOMM-769498/p,Kuyx de naranja sin gas light zero azúcares botella 3 l.,"2,19 €",,"0,73 €/l",,Bebidas,Refrescos,Sabores sin Gas,https://static.carrefour.es/hd_510x_/img_pim_food/769498_00_1.jpg
https://www.carrefour.es/supermercado/mini-bombon-helado-de-chocolate-double-magnum-6-ud/R-prod700416/p,Mini bombón helado de chocolate Double Magnum 6 ud.,"6,05 €",,"1,01 €/ud",,Congelados,Helados,Bombón Helado,https://static.carrefour.es/hd_510x_/img_pim_food/848783_00_1.jpg
https://www.carrefour.es/supermercado/conos-con-helado-de-nata-cornetto-mini-classico-frigo-6-ud/R-760001817/p,Conos con helado de nata Cornetto mini classico Frigo 6 ud.,"5,59 €",,"0,93 €/ud",,Congelados,Helados,Conos,https://static.carrefour.es/hd_510x_/img_pim_food/768615_00_1.jpg
https://www.carrefour.es/supermercado/pincho-de-madera-para-brocheta-25-cm-unic-de-100-piezas/R-609801046/p,Pincho de Madera para Brocheta 25 cm UNIC de 100 piezas,"1,99 €",,"0,02 €/ud",,Limpieza y Hogar,Menaje,Utensilios de Cocina,https://static.carrefour.es/hd_510x_/img_pim_food/270707_00_1.jpg
https://www.carrefour.es/supermercado/vino-do-ribera-del-duero-tinto-reserva-matarromera-75-cl/R-520662643/p,Matarromera Tinto Reserva 2018,"41,30 €",,"41,30 €/ud",,Bebidas,Vinos,Tinto,https://static.carrefour.es/hd_510x_/img_pim_food/181540_00_1.jpg
https://www.carrefour.es/supermercado/batido-complemento-alimenticio-sabor-chocolate-sin-gluten-meritene-15-ud/R-prod260499/p,Batido complemento alimenticio sabor chocolate sin gluten Meritene 15 ud.,"23,50 €",,"5,22 €/100g",,Parafarmacia,Nutrición y Dietética,Batidos E Infusiones,https://static.carrefour.es/hd_510x_/img_pim_food/973582_00_1.jpg
https://www.carrefour.es/supermercado/bolsas-de-basura-ultra-resistente-carrefour-expert-30l-20-ud/R-VC4AECOMM-316294/p,Bolsas de Basura Ultra Resistente CARREFOUR EXPERT 30L 20 ud,"1,49 €",,"0,07 €/ud",,Limpieza y Hogar,Utensilios de Limpieza,Bolsas de Basura,https://static.carrefour.es/hd_510x_/img_pim_food/316294_00_1.jpg
https://www.carrefour.es/supermercado/cera-de-peinado-men-llongueras-advance-85-ml/R-600804596/p,Cera de peinado men Llongueras Advance 85 ml.,"6,59 €",,"7,75 €/100ml",,Perfumería e Higiene,Cabello,Fijadores,https://static.carrefour.es/hd_510x_/img_pim_food/364965_00_1.jpg
https://www.carrefour.es/supermercado/pan-de-mollete-naturceliac-sin-gluten-y-sin-lactosa-2-unidades-de-80-g/R-VC4AECOMM-316866/p,Pan de mollete Naturceliac sin gluten y sin lactosa 2 unidades de 80 g.,"1,84 €",,"11,50 €/kg",,La Despensa,"Panaderia, Bollería y Pastelería",Especialidades de pan,https://static.carrefour.es/hd_510x_/img_pim_food/316866_00_1.jpg
https://www.carrefour.es/supermercado/mini-bombon-helado-frac-almendrado-collection-magnum-6-ud/R-VC4AECOMM-455433/p,Mini bombón helado frac almendrado Collection Magnum 6 ud.,"5,99 €",,"1,00 €/ud",,Congelados,Helados,Bombón Helado,https://static.carrefour.es/hd_510x_/img_pim_food/455433_00_1.jpg
https://www.carrefour.es/supermercado/dados-de-pera-en-almibar-ligero-classic-carrefour-240-g/R-VC4AECOMM-094350/p,Dados de pera en almibar ligero Classic Carrefour 240 g.,"2,55 €",,"12,14 €/kg",,La Despensa,"Conservas, Sopas y Precocinados",Conservas de Frutas,https://static.carrefour.es/hd_510x_/img_pim_food/094350_00_1.jpg
https://www.carrefour.es/supermercado/hamburguesa-de-pollo-con-verduras-carrefour-el-mercado-2x120-g/R-VC4AECOMM-198831/p,Hamburguesa de Pollo con Verduras Carrefour El Mercado 2x120 g,"2,39 €",,"9,96 €/kg",,Productos Frescos,Carnicería,Hamburguesas,https://static.carrefour.es/hd_510x_/img_pim_food/198831_00_1.jpg
https://www.carrefour.es/supermercado/bifidus-cremoso-de-lima-y-limon-danone-activia-sin-gluten-pack-de-4-unidades-de-115-g/R-759609169/p,Bífidus cremoso de lima y limón Danone Activia sin gluten pack de 4 unidades de 115 g.,"1,98 €",,"4,30 €/kg",,La Despensa,Yogures y Postres,Bífidus,https://static.carrefour.es/hd_510x_/img_pim_food/768139_00_1.jpg
https://www.carrefour.es/supermercado/galletas-con-semillas-de-sesamo-lino-y-germen-de-trigo-ligera-gullon-sin-sal-y-sin-azucar-anadido-200-g/R-795238865/p,"Galletas con semillas de sésamo, lino y germen de trigo Ligera Gullón sin sal y sin azúcar añadido 200 g.","1,63 €",,"8,15 €/kg",,La Despensa,Desayuno,Galletas,https://static.carrefour.es/hd_510x_/img_pim_food/893892_00_1.jpg
https://www.carrefour.es/supermercado/after-shave-locion-the-genuine-floid-150-ml/R-VC4AECOMM-547640/p,After shave loción The Genuine Floid 150 ml.,"8,25 €",,"5,50 €/100ml",,Perfumería e Higiene,Depilación y Afeitado,After Shave,https://static.carrefour.es/hd_510x_/img_pim_food/547640_00_1.jpg
https://www.carrefour.es/supermercado/sopa-del-pollo-con-cabello-de-angel-knorr-pack-3-unidades-de-71-g/R-prod710313/p,Sopa del pollo con cabello de ángel Knorr pack 3 unidades de 71 g.,"2,29 €",,"10,75 €/kg",,La Despensa,"Conservas, Sopas y Precocinados","Caldos, Sopas y Pure",https://static.carrefour.es/hd_510x_/img_pim_food/851084_00_1.jpg
https://www.carrefour.es/supermercado/aroma-de-vainilla-vahine-200-ml/R-590201947/p,Aroma de vainilla Vahiné 200 ml.,"4,45 €",,"22,25 €/l",,La Despensa,Dulce,"Siropes, Aromas y Decoración",https://static.carrefour.es/hd_510x_/img_pim_food/038990_00_1.jpg
https://www.carrefour.es/supermercado/coca-cola-pack-de-2-botellas-de-2-l/R-521033382/p,Coca Cola pack de 2 botellas de 2 l.,"3,90 €",,"0,97 €/l",,Bebidas,Refrescos,Colas,https://static.carrefour.es/hd_510x_/img_pim_food/364178_00_1.jpg
https://www.carrefour.es/supermercado/confitura-de-melocoton-hero-330-g/R-prod720098/p,Confitura de melocotón Hero 330 g.,"2,75 €",,"8,33 €/kg",,La Despensa,Dulce,"Mermeladas, Membrillos y Compotas",https://static.carrefour.es/hd_510x_/img_pim_food/851691_00_1.jpg
https://www.carrefour.es/supermercado/surtido-de-pastas-carrefour-500-g/R-530014407/p,Surtido de pastas Carrefour 500 g.,"2,35 €",,"4,70 €/kg",,,,,https://static.carrefour.es/hd_510x_/img_pim_food/135691_00_1.jpg
https://www.carrefour.es/supermercado/chocolate-con-leche-relleno-de-galletas-filipinos-nestle-extrafino-84-g/R-VC4AECOMM-033685/p,Chocolate con leche relleno de galletas filipinos Nestlé Extrafino 84 g.,"1,42 €",,"16,90 €/kg",,La Despensa,Dulce,Bombones y Chocolates,https://static.carrefour.es/hd_510x_/img_pim_food/033685_00_1.jpg
https://www.carrefour.es/supermercado/cookies-con-pepitas-de-chocolate-carrefour-classic-225-g/R-VC4AECOMM-506479/p,Cookies con pepitas de chocolate Carrefour Classic 225 g.,"1,40 €",,"6,22 €/kg",,La Despensa,Desayuno,Galletas,https://static.carrefour.es/hd_510x_/img_pim_food/506479_00_1.jpg
https://www.carrefour.es/supermercado/cola-de-caballo-en-bolsitas-hornimans-20-ud/R-776704227/p,Cola de caballo en bolsitas Hornimans 20 ud.,"2,89 €",,"96,33 €/kg",,La Despensa,Desayuno,Infusiones y Tés,https://static.carrefour.es/hd_510x_/img_pim_food/787789_00_1.jpg
https://www.carrefour.es/supermercado/kefir-plus-jengibre-y-limon-kaiku-sin-gluten-350-g/R-VC4AECOMM-248067/p,Kéfir plus jengibre y limón Kaiku sin gluten 350 g.,"2,05 €",,"5,86 €/kg",,La Despensa,Yogures y Postres,Yogur Natural y Sabores,https://static.carrefour.es/hd_510x_/img_pim_food/248067_00_1.jpg
https://www.carrefour.es/supermercado/helado-barritas-mars-6-ud/R-521031799/p,Helado barritas Mars 6 ud.,"5,75 €",,"0,96 €/ud",,Congelados,Helados,Bombón Helado,https://static.carrefour.es/hd_510x_/img_pim_food/820642_00_1.jpg
https://www.carrefour.es/supermercado/cafe-espresso-intenso-en-capsulas-lavazza-maestro-compatible-con-nespresso-30-ud/R-VC4AECOMM-370015/p,Café espresso intenso en cápsulas Lavazza Maestro compatible con Nespresso 30 ud.,"11,45 €",,"69,39 €/kg",,La Despensa,Desayuno,Cafés,https://static.carrefour.es/hd_510x_/img_pim_food/370015_00_1.jpg
https://www.carrefour.es/supermercado/salchichon-extra-de-leon-palcarsa-sin-gluten-y-sin-lactosa-100g/R-VC4AECOMM-130469/p,Salchichón Extra de León Palcarsa sin gluten y sin lactosa 100g,"2,25 €",,"22,50 €/kg",,Productos Frescos,Charcutería,"Salchichón, Salami y Fuet",https://static.carrefour.es/hd_510x_/img_pim_food/130469_00_1.jpg
https://www.carrefour.es/supermercado/albondigas-de-anojo-circulo-de-calidad-360-g/R-VC4AECOMM-676570/p,Albóndigas de Añojo Círculo de Calidad 360 g,"4,65 €",,"12,92 €/kg",,Productos Frescos,Carnicería,Carne Picada,https://static.carrefour.es/hd_510x_/img_pim_food/676570_00_1.jpg
https://www.carrefour.es/supermercado/mini-burger-dulcesol-190-g/R-VC4AECOMM-599148/p,Mini Burger Dulcesol 190 g.,"1,45 €",,"7,63 €/kg",,La Despensa,"Panaderia, Bollería y Pastelería",Pan Perrito y Burguer,https://static.carrefour.es/hd_510x_/img_pim_food/599148_00_1.jpg
https://www.carrefour.es/supermercado/limpia-cristales-de-caucho-y-polipropileno-carrefour-verde/R-609801522/p,Limpia Cristales de Caucho y Polipropileno Carrefour - Verde,"2,59 €",,"2,59 €/ud",,Limpieza y Hogar,Utensilios de Limpieza,Otros útiles,https://static.carrefour.es/hd_510x_/img_pim_food/475806_00_1.jpg
https://www.carrefour.es/supermercado/limpiacristales-cristalino-cristasol-750-ml/R-521002251/p,Limpiacristales cristalino Cristasol 750 ml.,"2,59 €",,"3,45 €/l",,Limpieza y Hogar,Productos para toda la casa,Limpiacristales y Multiusos,https://static.carrefour.es/hd_510x_/img_pim_food/045773_00_1.jpg
https://www.carrefour.es/supermercado/filete-1-b-de-anojo-ecologico-carrefour-bio-500-g-aprox/R-prod1070054/p,Filete 1ª B de Añojo Ecológico Carrefour Bio 500 g aprox,"9,14 €",,"18,29 €/kg",,Productos Frescos,Carnicería,Vacuno,https://static.carrefour.es/hd_510x_/img_pim_food/126462_00_1.jpg
https://www.carrefour.es/supermercado/chorizo-iberico-gran-seleccion-navidul-sin-gluten-100-g/R-VC4AECOMM-709705/p,Chorizo ibérico Gran Selección Navidul sin gluten 100 g.,"3,55 €",,"35,50 €/kg",,Productos Frescos,Charcutería,"Chorizo, Lomo y Otros",https://static.carrefour.es/hd_510x_/img_pim_food/709705_00_1.jpg
https://www.carrefour.es/supermercado/exfoliante-dermo-pure-eucerin-100-ml/R-prod490077/p,Exfoliante Dermo Pure Eucerin 100 ml.,"17,65 €",,"17,65 €/100ml",,Parafarmacia,Cuidado e higiene facial,Exfoliantes y Mascarillas,https://static.carrefour.es/hd_510x_/img_pim_food/830606_00_1.jpg
https://www.carrefour.es/supermercado/champu-glycolic-gloss-con-acido-glicolico-cabello-suave-y-brillante-loreal-paris-elvive-200-ml/R-VC4AECOMM-316069/p,Champú glycolic gloss con ácido glicólico cabello suave y brillante L'Oréal Paris Elvive 200 ml.,"6,45 €",,"3,22 €/100ml",,Perfumería e Higiene,Cabello,Champús,https://static.carrefour.es/hd_510x_/img_pim_food/316069_00_1.jpg
https://www.carrefour.es/supermercado/huevos-camperos-pazo-de-vilane-12-ud/R-527054495/p,Huevos camperos Pazo de Vilane 12 ud.,"3,52 €",,"3,52 €/docena",,La Despensa,Huevos,Huevos frescos,https://static.carrefour.es/hd_510x_/img_pim_food/255594_00_1.jpg
https://www.carrefour.es/supermercado/cacao-en-capsulas-nesquik-nescafe-dolce-gusto-16-unidades-de-16-g/R-605401632/p,Cacao en cápsulas Nesquik Nescafe Dolce Gusto 16 unidades de 16 g.,"5,25 €",,"20,51 €/kg",,,,,https://static.carrefour.es/hd_510x_/img_pim_food/378200_00_1.jpg
https://www.carrefour.es/supermercado/fuetec-calidad-extra-el-pozo-170-g/R-VC4AECOMM-710151/p,Fuetec calidad extra El Pozo 170 g.,"3,19 €",,"18,76 €/kg",,Productos Frescos,Charcutería,"Chorizo, Lomo y Otros",https://static.carrefour.es/hd_510x_/img_pim_food/710151_00_1.jpg
https://www.carrefour.es/supermercado/hamburguesa-de-pollo-y-zanahoria-240-g/R-VC4AECOMM-497344/p,Hamburguesa de pollo y zanahoria 240 g,"2,29 €",,"9,54 €/kg",,Productos Frescos,Carnicería,Hamburguesas,https://static.carrefour.es/hd_510x_/img_pim_food/497344_00_1.jpg
https://www.carrefour.es/supermercado/compresas-super-con-alas-ultrafina-ausonia-30-ud/R-866818904/p,Compresas super con alas ultrafina Ausonia 30 ud.,"4,45 €",,"0,15 €/ud",,Perfumería e Higiene,Higiene íntima,Compresas,https://static.carrefour.es/hd_510x_/img_pim_food/161948_00_1.jpg
https://www.carrefour.es/supermercado/panuelos-family-kleenex-128-ud/R-785318064/p,Pañuelos Family Kleenex 128 ud.,"2,69 €",,"0,02 €/ud",,Limpieza y Hogar,Papel y Celulosa,Pañuelos,https://static.carrefour.es/hd_510x_/img_pim_food/875389_00_1.jpg
https://www.carrefour.es/supermercado/alubia-pinta-categoria-extra-luengo-1-kg/R-522713752/p,Alubia pinta categoría extra Luengo 1 kg.,"4,34 €",,"4,34 €/kg",,La Despensa,Alimentación,Legumbres,https://static.carrefour.es/hd_510x_/img_pim_food/032614_00_1.jpg
https://www.carrefour.es/supermercado/mini-bombon-helado-clasico-almendras-y-chocolate-blanco-magnum-sin-gluten-6-ud/R-prod1140077/p,"Mini bombón helado clásico, almendras y chocolate blanco Magnum sin gluten 6 ud.","5,29 €",,"0,88 €/ud",,Congelados,Helados,Bombón Helado,https://static.carrefour.es/hd_510x_/img_pim_food/194505_00_1.jpg
https://www.carrefour.es/supermercado/patatas-fritas-original-gourmet-lays-170-g/R-VC4AECOMM-718768/p,Patatas fritas original Gourmet Lay's 170 g.,"2,79 €",,"16,41 €/kg",,La Despensa,Aperitivos,Patatas Fritas,https://static.carrefour.es/hd_510x_/img_pim_food/718768_00_1.jpg
https://www.carrefour.es/supermercado/corazones-de-alcachofas-5-8-ecologicos-carrefour-bio-200-g/R-prod1070250/p,Corazones de alcachofas 5/8 ecológicos Carrefour Bio 200 g.,"5,35 €",,"26,75 €/kg",,La Despensa,"Conservas, Sopas y Precocinados",Conservas de Vegetales,https://static.carrefour.es/hd_510x_/img_pim_food/131673_00_1.jpg
https://www.carrefour.es/supermercado/aperitivo-de-maiz-x-hot-risketos-sin-gluten-135-g/R-VC4AECOMM-203503/p,Aperitivo de maíz X-Hot Risketos sin gluten 135 g.,"1,84 €",,"13,63 €/kg",,La Despensa,Aperitivos,Snacks,https://static.carrefour.es/hd_510x_/img_pim_food/203503_00_1.jpg
https://www.carrefour.es/supermercado/hamburguesa-de-cerdo-iberico-carrefour-el-mercado-4x90-g/R-VC4AECOMM-374469/p,Hamburguesa de Cerdo Ibérico Carrefour El Mercado 4x90 g,"2,99 €",,"8,31 €/kg",,Productos Frescos,Carnicería,Otras carnes,https://static.carrefour.es/hd_510x_/img_pim_food/374469_00_1.jpg
https://www.carrefour.es/supermercado/vino-aviva-espumoso-red-rose-75-cl/R-VC4AECOMM-382562/p,Aviva Espumoso,"11,19 €",,"11,19 €/ud",,,,,https://static.carrefour.es/hd_510x_/img_pim_food/382562_00_1.jpg
https://www.carrefour.es/supermercado/salmon-en-fllete-calidad-y-origen-carrefour-400-g-aprox/R-prod231112/p,Salmón en fllete Calidad y Origen Carrefour 400 g aprox,"8,40 €",,"20,99 €/kg",,Productos Frescos,Pescadería,Pescado Fresco,https://static.carrefour.es/hd_510x_/img_pim_food/283326_00_1.jpg
https://www.carrefour.es/supermercado/ropa-interior-absorbente-nina-noche-drynites-3-5-anos-16kg-23-kg-16-ud/R-641402050/p,Ropa interior absorbente niña noche DryNites 3-5 años (16kg-23 kg.) 16 ud.,"12,55 €",,"0,78 €/ud",,Bebé,Pañales y Toallitas,Pañales de Noche,https://static.carrefour.es/hd_510x_/img_pim_food/813632_00_1.jpg
https://www.carrefour.es/supermercado/compresas-ultrafina-con-alas-para-noche-extra-ausonia-18-ud/R-VC4AECOMM-349832/p,Compresas ultrafina con alas para noche extra Ausonia 18 ud.,"5,69 €",,"0,32 €/ud",,Perfumería e Higiene,Higiene íntima,Compresas,https://static.carrefour.es/hd_510x_/img_pim_food/349832_00_1.jpg
https://www.carrefour.es/supermercado/especialidad-vegana-en-lonchas-sabor-cheddar-nurishh-sin-gluten-y-sin-lactosa-160-g/R-VC4AECOMM-645003/p,Especialidad vegana en lonchas sabor cheddar Nurishh sin gluten y sin lactosa 160 g.,"3,45 €",,"21,56 €/kg",,Productos Frescos,Quesos,Todos los Quesos,https://static.carrefour.es/hd_510x_/img_pim_food/645003_00_1.jpg
https://www.carrefour.es/supermercado/papel-higienico-2-capas-simpl-choice-12-rollos/R-VC4AECOMM-167066/p,Papel higiénico 2 capas Simpl Choice 12 rollos,"2,10 €",,"0,18 €/ud",,Limpieza y Hogar,Papel y Celulosa,Papel Higiénico,https://static.carrefour.es/hd_510x_/img_pim_food/167066_00_1.jpg
https://www.carrefour.es/supermercado/vino-aviva-pink-gold-espumoso-75-cl/R-VC4AECOMM-027044/p,Aviva Espumoso,"11,19 €",,"11,19 €/ud",,Bebidas,Vinos,Blanco,https://static.carrefour.es/hd_510x_/img_pim_food/027044_00_1.jpg
https://www.carrefour.es/supermercado/detergente-liquido-sensaciones-azul-colon-45-lavados/R-VC4AECOMM-085557/p,Detergente líquido Sensaciones Azul Colon 45 lavados.,"13,75 €",,"0,31 €/lavado",,Limpieza y Hogar,Cuidado de la Ropa,Detergentes,https://static.carrefour.es/hd_510x_/img_pim_food/085557_00_1.jpg
https://www.carrefour.es/supermercado/limpiahogar-aloe-vera-tenn-13-l/R-521001813/p,"Limpiahogar aloe vera Tenn 1,3 l.","3,69 €",,"2,84 €/l",,Limpieza y Hogar,Productos para toda la casa,Suelos,https://static.carrefour.es/hd_510x_/img_pim_food/793463_00_1.jpg
https://www.carrefour.es/supermercado/preparacion-vegana-a-base-de-proteina-de-guisante-en-salsa-de-tomate-fiisk-dear-nature-frinsa-pack-de-3-unidades-de-70-g/R-VC4AECOMM-355454/p,Preparación vegana a base de proteína de guisante en salsa de tomate Fiisk Dear Nature Frinsa pack de 3 unidades de 70 g.,"4,35 €",,"20,71 €/kg",,La Despensa,"Conservas, Sopas y Precocinados",Platos Preparados,https://static.carrefour.es/hd_510x_/img_pim_food/355454_00_1.jpg
https://www.carrefour.es/supermercado/pasta-espaguetis-barilla-sin-gluten-400-g/R-prod251190/p,Pasta espaguetis Barilla sin gluten 400 g.,"2,99 €",,"7,48 €/kg",,La Despensa,Alimentación,Pastas,https://static.carrefour.es/hd_510x_/img_pim_food/150607_00_1.jpg
https://www.carrefour.es/supermercado/cafe-cappuccino-starbucks-750-ml/R-VC4AECOMM-187151/p,Café cappuccino Starbucks 750 ml.,"5,09 €",,"6,79 €/l",,La Despensa,Lácteos,Listo para beber,https://static.carrefour.es/hd_510x_/img_pim_food/187151_00_1.jpg
https://www.carrefour.es/supermercado/mini-croissants-banados-carrefour-430-g/R-prod222187/p,Mini Croissants bañados Carrefour 430 g,"8,99 €",,"20,91 €/kg",,Productos Frescos,Panadería Tradicional,Bollería Tradicional,https://static.carrefour.es/hd_510x_/img_pim_food/300859_00_1.jpg
https://www.carrefour.es/supermercado/jamon-de-cebo-iberico-50-raza-iberica-en-lonchas-carrefour-100-g/R-618405074/p,Jamón de cebo ibérico 50% raza ibérica en lonchas Carrefour 100 g,"5,39 €",,"53,90 €/kg",,Productos Frescos,Charcutería,Jamón Serrano e Ibérico Envasado,https://static.carrefour.es/hd_510x_/img_pim_food/373914_00_1.jpg
https://www.carrefour.es/supermercado/agua-mineral-fuente-primavera-50-cl/R-731386916/p,Agua mineral Fuente Primavera 50 cl.,"0,22 €",,"0,44 €/l
- 1,32 €/6 uds.",,Bebidas,Aguas y Zumos,"Agua hasta 0,75 litros",https://static.carrefour.es/hd_510x_/img_pim_food/181141_00_1.jpg
https://www.carrefour.es/supermercado/mini-fuet-carrefour-el-mercado-sin-gluten-50-g/R-VC4AECOMM-709939/p,Mini fuet Carrefour El Mercado sin gluten 50 g,"1,09 €",,"21,80 €/kg",,Productos Frescos,Charcutería,"Salchichón, Salami y Fuet",https://static.carrefour.es/hd_510x_/img_pim_food/709939_00_1.jpg
https://www.carrefour.es/supermercado/longaniza-blanca-fresca-de-cerdo-iberico-carrefour-400-g-aprox/R-VC4AECOMM-612714/p,Longaniza blanca fresca de cerdo ibérico Carrefour 400 g aprox,"5,28 €",,"13,20 €/kg",,Productos Frescos,Carnicería,Otras carnes,https://static.carrefour.es/hd_510x_/img_pim_food/612714_00_1.jpg
https://www.carrefour.es/supermercado/magro-de-cerdo-cocido-iberitos-lata-de-200-g/R-prod69918/p,Magro de cerdo cocido Iberitos lata de 200 g.,"2,79 €",,"13,95 €/kg",,La Despensa,"Conservas, Sopas y Precocinados",Conservas de Carne,https://static.carrefour.es/hd_510x_/img_pim_food/981306_00_1.jpg
https://www.carrefour.es/supermercado/aceite-para-el-cuidado-de-la-piel-bio-oil-60-ml/R-699408484/p,Aceite para el cuidado de la piel Bio-Oil 60 ml.,"10,69 €",,"17,82 €/100ml",,Parafarmacia,Bebé,Embarazo y Lactancia,https://static.carrefour.es/hd_510x_/img_pim_food/382354_00_1.jpg
https://www.carrefour.es/supermercado/nueces-peladas-ecologicas-carrefour-bio-90-g/R-prod810485/p,Nueces peladas ecológicas Carrefour Bio 90 g.,"1,64 €",,"18,22 €/kg",,La Despensa,Aperitivos,Frutos Secos,https://static.carrefour.es/hd_510x_/img_pim_food/166437_00_1.jpg
https://www.carrefour.es/supermercado/tarrito-de-cazuela-de-merluza-a-la-marinera-desde-8-meses-hero-baby-sin-gluten-pack-de-2-unidades-de-190-g/R-VC4AECOMM-079326/p,Tarrito de cazuela de merluza a la marinera desde 8 meses Hero Baby sin gluten pack de 2 unidades de 190 g.,"2,99 €",,"7,87 €/kg",,Bebé,Alimentación infantil,Tarritos y Platos Preparados,https://static.carrefour.es/hd_510x_/img_pim_food/079326_00_1.jpg
https://www.carrefour.es/supermercado/whisky-dewars-escoces-175-l/R-fprod1260271/p,Whisky Dewar's escocés 1.75 l.,"36,60 €",,"20,91 €/l",,Bebidas,Alcoholes,Whisky y Bourbon,https://static.carrefour.es/hd_510x_/img_pim_food/322835_00_1.jpg
https://www.carrefour.es/supermercado/gel-de-afeitado-piel-sensible-carrefour-men-75-ml/R-VC4AECOMM-695567/p,Gel de afeitado piel sensible Carrefour Men 75 ml.,"1,15 €",,"1,53 €/100ml",,Perfumería e Higiene,Depilación y Afeitado,Afeitado,https://static.carrefour.es/hd_510x_/img_pim_food/695567_00_1.jpg
https://www.carrefour.es/supermercado/champinones-laminados-carrefour-230-g/R-521005928/p,Champiñones laminados Carrefour 230 g.,"1,28 €",,"5,57 €/kg",,La Despensa,"Conservas, Sopas y Precocinados",Conservas de Vegetales,https://static.carrefour.es/hd_510x_/img_pim_food/530648_00_1.jpg
https://www.carrefour.es/supermercado/pate-de-atun-con-aceite-de-girasol-carrefour-pack-de-3-unidades-de-80-g/R-prod540149/p,Paté de atún con aceite de girasol Carrefour pack de 3 unidades de 80 g.,"1,99 €",,"8,29 €/kg",,Productos Frescos,Charcutería,"Foie, Patés y Sobrasadas",https://static.carrefour.es/hd_510x_/img_pim_food/835014_00_1.jpg
https://www.carrefour.es/supermercado/harina-fritos-y-rebozados-gallo-1-kg/R-521005411/p,Harina fritos y rebozados Gallo 1 kg.,"1,60 €",,"1,60 €/kg",,La Despensa,Alimentación,Harinas y Levaduras,https://static.carrefour.es/hd_510x_/img_pim_food/020752_00_1.jpg
https://www.carrefour.es/supermercado/gamba-pelada-congelada-90-110-antonio-y-ricardo-375-g/R-prod600087/p,Gamba pelada congelada 90/110 Antonio y Ricardo 375 g.,"5,95 €",,"15,87 €/kg",,Congelados,Mariscos Congelados,,https://static.carrefour.es/hd_510x_/img_pim_food/841133_00_1.jpg
https://www.carrefour.es/supermercado/queso-pecorino-romano-dop-terre-ditalia-200-g/R-VC4AECOMM-678073/p,Queso pecorino romano D.O.P. Terre D´Italia 200 g,"11,15 €",,"55,75 €/kg",,Productos Frescos,Quesos,Curado,https://static.carrefour.es/hd_510x_/img_pim_food/678073_00_1.jpg
https://www.carrefour.es/supermercado/miel-de-azahar-con-polen-de-flores-jalea-real-y-propoleo-apienergy-apiterapia-300-g/R-VC4AECOMM-408409/p,"Miel de azahar con polen de flores, jalea real y propóleo ApiEnergy Apiterapia 300 g.","7,15 €",,"28,60 €/kg",,La Despensa,Dulce,Miel,https://static.carrefour.es/hd_510x_/img_pim_food/408409_00_1.jpg
https://www.carrefour.es/supermercado/pienso-de-buey-y-verduras-para-gato-adulto-brekkies-excel-15-kg/R-720860451/p,"Pienso de buey y verduras para gato adulto Brekkies Excel 1,5 kg.","4,95 €",,"3,30 €/kg",,Mascotas,Gatos,Pienso para gatos,https://static.carrefour.es/hd_510x_/img_pim_food/034521_00_1.jpg
https://www.carrefour.es/supermercado/vino-blanco-albarino-vinabade-do-rias-baixas-75-cl/R-VC4AECOMM-494706/p,Viñabade Blanco 2022,"13,19 €",,"13,19 €/ud",,Bebidas,Vinos,Blanco,https://static.carrefour.es/hd_510x_/img_pim_food/494706_00_1.jpg
https://www.carrefour.es/supermercado/menestra-de-la-huerta-findus-650-g/R-VC4AECOMM-209406/p,Menestra de la huerta Findus 650 g.,"5,56 €",,"8,55 €/kg",,Congelados,Verduras Congeladas,,https://static.carrefour.es/hd_510x_/img_pim_food/209406_00_1.jpg
https://www.carrefour.es/supermercado/dermojabon-leche-de-burra-grisi-100-g/R-590509908/p,Dermojabón leche de burra Grisi 100 g.,"4,25 €",,"4,25 €/100g",,Parafarmacia,Cuidado corporal,Jabones y Geles,https://static.carrefour.es/hd_510x_/img_pim_food/642086_00_1.jpg
https://www.carrefour.es/supermercado/queso-tierno-el-ventero-980-g/R-VC4AECOMM-685568/p,Queso tierno El Ventero 980 g,"18,76 €",,"19,14 €/kg",,Productos Frescos,Quesos,Todos los Quesos,https://static.carrefour.es/hd_510x_/img_pim_food/685568_00_1.jpg
https://www.carrefour.es/supermercado/pollo-certificado-limpio-carrefour-2-kg/R-791562917/p,Pollo certificado limpio Carrefour 2 kg,"8,30 €",,"4,15 €/kg",,Productos Frescos,Carnicería,Aves y Pollo,https://static.carrefour.es/hd_510x_/img_pim_food/887242_00_1.jpg
https://www.carrefour.es/supermercado/set-de-8-bayetas-microfibras-spontex/R-844803442/p,Set de 8 Bayetas Microfibras SPONTEX,"6,39 €",,"0,80 €/ud",,Limpieza y Hogar,Utensilios de Limpieza,Bayetas Microfibra Atrapapolvo,https://static.carrefour.es/hd_510x_/img_pim_food/988691_00_1.jpg
https://www.carrefour.es/supermercado/detergente-en-capsulas-todo-en-uno-pods-poder-extra-quitamanchas-ariel-40-lavados/R-VC4AECOMM-127672/p,Detergente en cápsulas Todo En Uno Pods + poder extra quitamanchas Ariel 40 lavados.,"23,10 €",,"0,58 €/lavado",,Limpieza y Hogar,Cuidado de la Ropa,Detergentes,https://static.carrefour.es/hd_510x_/img_pim_food/127672_00_1.jpg
https://www.carrefour.es/supermercado/dulce-de-membrillo-emily-foods-sin-gluten-400-g/R-871004938/p,Dulce de membrillo Emily Foods sin gluten 400 g.,"1,58 €",,"3,95 €/kg",,La Despensa,Dulce,"Mermeladas, Membrillos y Compotas",https://static.carrefour.es/hd_510x_/img_pim_food/181905_00_1.jpg
https://www.carrefour.es/supermercado/wraps-durum-tortillas-de-trigo-mission-sin-aceite-de-palma-6-ud/R-867102743/p,Wraps durum tortillas de trigo Mission sin aceite de palma 6 ud.,"2,15 €",,"5,56 €/kg",,La Despensa,"Conservas, Sopas y Precocinados","Tortillas, Empanadillas y Sandwiches",https://static.carrefour.es/hd_510x_/img_pim_food/165179_00_1.jpg
https://www.carrefour.es/supermercado/detergente-para-biberones-y-tetinas-suavinex-500-ml/R-prod850172/p,Detergente para biberones y tetinas Suavinex 500 ml.,"5,75 €",,"1,15 €/100ml",,Bebé,Puericultura,Accesorios,https://static.carrefour.es/hd_510x_/img_pim_food/375487_00_1.jpg
https://www.carrefour.es/supermercado/eritritol-ecologico-naturgreen-500-g/R-VC4AECOMM-437695/p,Eritritol ecológico Naturgreen 500 g.,"8,29 €",,"16,58 €/kg",,La Despensa,Desayuno,Azúcar y Edulcorantes,https://static.carrefour.es/hd_510x_/img_pim_food/437695_00_1.jpg
https://www.carrefour.es/supermercado/fusilli-de-lentejas-rojas-ecologicos-carrefour-bio-250-g/R-VC4AECOMM-479794/p,Fusilli de lentejas rojas ecológicos Carrefour Bio 250 g.,"2,49 €",,"9,96 €/kg",,La Despensa,Alimentación,Pastas,https://static.carrefour.es/hd_510x_/img_pim_food/479794_00_1.jpg
https://www.carrefour.es/supermercado/masa-de-hojaldre-carrefour-no-gluten-sin-gluten-280-g/R-840600813/p,Masa de hojaldre Carrefour No gluten sin gluten 280 g.,"2,79 €",,"9,96 €/kg",,La Despensa,"Conservas, Sopas y Precocinados",Masa Fresca y Bases,https://static.carrefour.es/hd_510x_/img_pim_food/978897_00_1.jpg
https://www.carrefour.es/supermercado/multivitaminico-y-multimineralcon-ginseng-y-ginkgo-en-comprimidos-plus-multicentrum-sin-gluten-30-ud/R-prod810713/p,Multivitamínico y multimineral con ginseng y ginkgo en comprimidos Plus Multicentrum sin gluten 30 ud.,"12,85 €",,"34,73 €/100g",,Parafarmacia,Nutrición y Dietética,Complementos Vitamínicos,https://static.carrefour.es/hd_510x_/img_pim_food/233108_00_1.jpg
https://www.carrefour.es/supermercado/cardo-troceado-gvtarra-400-g/R-798746347/p,Cardo troceado Gvtarra 400 g.,"4,15 €",,"12,77 €/kg",,La Despensa,"Conservas, Sopas y Precocinados",Conservas de Vegetales,https://static.carrefour.es/hd_510x_/img_pim_food/030089_00_1.jpg
https://www.carrefour.es/supermercado/helado-de-spectacu-love-ben-jerry-392-g/R-VC4AECOMM-328745/p,Helado de spectacu-love Ben & Jerry 392 g.,"7,79 €",,"19,87 €/kg",,Congelados,Helados,Tarrinas,https://static.carrefour.es/hd_510x_/img_pim_food/328745_00_1.jpg
https://www.carrefour.es/supermercado/cola-carrefour-classic-botella-2-l/R-VC4AECOMM-720311/p,Cola Carrefour Classic' botella 2 l.,"0,80 €",,"0,40 €/l",,Bebidas,Refrescos,Colas,https://static.carrefour.es/hd_510x_/img_pim_food/720311_00_1.jpg
https://www.carrefour.es/supermercado/hogaza-de-pan-rustico-recondo-240-g/R-590209361/p,Hogaza de pan rústico Recondo 240 g.,"2,69 €",,"11,21 €/kg",,La Despensa,"Panaderia, Bollería y Pastelería","Pan tostado, Biscottes y Barritas",https://static.carrefour.es/hd_510x_/img_pim_food/258431_00_1.jpg
https://www.carrefour.es/supermercado/barrita-de-proteinas-con-chocolate-con-leche-sabor-cookies-corny-sin-azucar-anadido-50-g/R-VC4AECOMM-174529/p,Barrita de proteínas con chocolate con leche sabor cookies Corny sin azúcar añadido 50 g.,"1,78 €",,"35,60 €/kg",,La Despensa,Alimentación,Nutrición deportiva,https://static.carrefour.es/hd_510x_/img_pim_food/174529_00_1.jpg
https://www.carrefour.es/supermercado/champu-y-acondicionador-anticaspa-citrus-fresh-hs-300-ml/R-VC4AECOMM-336880/p,Champú y acondicionador anticaspa citrus fresh H&S 300 ml.,"5,65 €",,"1,88 €/100ml",,Perfumería e Higiene,Cabello,Acondicionadores,https://static.carrefour.es/hd_510x_/img_pim_food/336880_00_1.jpg
https://www.carrefour.es/supermercado/champu-anticaida-pilexil-900-ml/R-prod460418/p,Champú anticaída Pilexil 900 ml.,"25,50 €",,"2,83 €/100ml",,Parafarmacia,Cabello,Champús Anticaída,https://static.carrefour.es/hd_510x_/img_pim_food/826893_00_1.jpg
https://www.carrefour.es/supermercado/chopped-de-pavo-mini-campofrio-pavofrio-380-g/R-VC4AECOMM-698649/p,Chopped de pavo Mini Campofrío Pavofrío 380 g.,"4,49 €",,"11,82 €/kg",,Productos Frescos,Charcutería,Fiambre de Pavo y Pollo,https://static.carrefour.es/hd_510x_/img_pim_food/698649_00_1.jpg
https://www.carrefour.es/supermercado/mermelada-de-melocoton-categoria-extra-ligeresa-330-g/R-521003489/p,Mermelada de melocotón categoría extra Ligeresa 330 g.,"2,45 €",,"7,42 €/kg",,La Despensa,Dulce,"Mermeladas, Membrillos y Compotas",https://static.carrefour.es/hd_510x_/img_pim_food/424479_00_1.jpg
https://www.carrefour.es/supermercado/dentifrico-blanqueador-con-carbon-carrefour-soft-75-ml/R-VC4AECOMM-316490/p,Dentífrico blanqueador con carbón Carrefour Soft 75 ml.,"2,15 €",,"2,87 €/100ml",,Perfumería e Higiene,Boca y Sonrisa,Dentífricos,https://static.carrefour.es/hd_510x_/img_pim_food/316490_00_1.jpg
https://www.carrefour.es/supermercado/tarta-de-nata-y-yema-sin-gluten-410-g/R-VC4AECOMM-730293/p,Tarta de Nata y Yema sin gluten 410 g,"13,19 €",,"32,17 €/kg",,Productos Frescos,Panadería Tradicional,Pastelería y Repostería,https://static.carrefour.es/hd_510x_/img_pim_food/730293_00_1.jpg
https://www.carrefour.es/supermercado/cortezas-de-cerdo-400-g/R-608100767/p,Cortezas de cerdo 400 g,"5,75 €",,"14,37 €/kg",,La Despensa,Aperitivos,Torreznos y Cortezas,https://static.carrefour.es/hd_510x_/img_pim_food/226215_00_1.jpg
https://www.carrefour.es/supermercado/galletas-mini-dinosaurus-artiach-sin-gluten-160-g/R-VC4AECOMM-356973/p,Galletas Mini Dinosaurus Artiach sin gluten 160 g.,"2,69 €",,"16,81 €/kg",,La Despensa,Desayuno,Galletas,https://static.carrefour.es/hd_510x_/img_pim_food/356973_00_1.jpg
https://www.carrefour.es/supermercado/salchichon-iberico-en-lonchas-extrafinas-carrefour-el-mercado-sin-gluten-100-g/R-VC4AECOMM-164428/p,Salchichón ibérico en lonchas extrafinas Carrefour El Mercado sin gluten 100 g,"5,29 €",,"52,90 €/kg",,Productos Frescos,Charcutería,"Salchichón, Salami y Fuet",https://static.carrefour.es/hd_510x_/img_pim_food/164428_00_1.jpg
https://www.carrefour.es/supermercado/detergente-en-capsulas-maxima-eficacia-skip-ultimate-15-lavados/R-VC4AECOMM-475912/p,Detergente en cápsulas máxima eficacia Skip Ultimate 15 lavados.,"9,29 €",,"0,62 €/lavado",,Limpieza y Hogar,Cuidado de la Ropa,Detergentes,https://static.carrefour.es/hd_510x_/img_pim_food/475912_00_1.jpg
https://www.carrefour.es/supermercado/tarrito-de-zanahorias-con-arroz-en-caldito-de-pollo-desde-6-meses-hero-baby-sin-gluten-235-g/R-521033542/p,Tarrito de zanahorias con arroz en caldito de pollo desde 6 meses Hero Baby sin gluten 235 g.,"1,80 €",,"7,66 €/kg",,Bebé,Alimentación infantil,Tarritos y Platos Preparados,https://static.carrefour.es/hd_510x_/img_pim_food/003187_00_1.jpg
https://www.carrefour.es/supermercado/ventresca-de-atun-claro-en-aceite-de-oliva-ramon-pena-80-g/R-prod1020095/p,Ventresca de atún claro en aceite de oliva Ramón Peña 80 g.,"6,55 €",,"81,87 €/kg",,La Despensa,"Conservas, Sopas y Precocinados",Conservas de Pescado y Marisco,https://static.carrefour.es/hd_510x_/img_pim_food/094518_00_1.jpg
https://www.carrefour.es/supermercado/pate-de-jamon-classic-carrefour-sin-gluten-y-sin-lactosa-160-g/R-prod930007/p,Paté de jamón Classic Carrefour sin gluten y sin lactosa 160 g.,"1,11 €",,"6,94 €/kg",,Productos Frescos,Charcutería,"Foie, Patés y Sobrasadas",https://static.carrefour.es/hd_510x_/img_pim_food/044270_00_1.jpg
https://www.carrefour.es/supermercado/set-de-5-bayetas-microfibras-ballerina/R-655302056/p,Set de 5 Bayetas Microfibras BALLERINA,"6,95 €",,"1,39 €/ud",,Limpieza y Hogar,Utensilios de Limpieza,Bayetas Microfibra Atrapapolvo,https://static.carrefour.es/hd_510x_/img_pim_food/806653_00_1.jpg
https://www.carrefour.es/supermercado/paleta-curada-dop-teruel-de-nuestra-tierra-5-kg-aprox/R-prod1130321/p,Paleta curada D.O.P Teruel De Nuestra Tierra 5 kg aprox,"42,00 €",,"8,40 €/kg",,Productos Frescos,Charcutería,Jamón serrano e ibérico Pieza,https://static.carrefour.es/hd_510x_/img_pim_food/179361_00_1.jpg
https://www.carrefour.es/supermercado/agua-de-colonia-sport-poseidon-150-ml/R-791104529/p,Agua de colonia Sport Poseidon 150 ml.,"14,39 €",,"9,59 €/100ml",,Perfumería e Higiene,Baño e Higiene Corporal,Colonias,https://static.carrefour.es/hd_510x_/img_pim_food/781426_00_1.jpg
https://www.carrefour.es/supermercado/infusion-respira-con-tomillo-eucalipto-romero-y-menta-en-bolsitas-carrefour-30-ud/R-prod690067/p,"Infusión Respira con tomillo, eucalipto, romero y menta en bolsitas Carrefour 30 ud.","2,35 €",,"52,22 €/kg",,La Despensa,Desayuno,Infusiones y Tés,https://static.carrefour.es/hd_510x_/img_pim_food/847129_00_1.jpg
https://www.carrefour.es/supermercado/guisantes-medianos-classic-carrefour-pack-de-3-unidades-de-120-g/R-618404740/p,Guisantes medianos Classic Carrefour pack de 3 unidades de 120 g.,"3,05 €",,"7,26 €/kg",,La Despensa,"Conservas, Sopas y Precocinados",Conservas de Vegetales,https://static.carrefour.es/hd_510x_/img_pim_food/349661_00_1.jpg
https://www.carrefour.es/supermercado/omega-3-en-capsulas-blandas-phytofarma-270-ud/R-prod490051/p,Omega 3 en cápsulas blandas Phytofarma 270 ud.,"18,75 €",,"9,82 €/100g",,Parafarmacia,Nutrición y Dietética,Complementos Vitamínicos,https://static.carrefour.es/hd_510x_/img_pim_food/829889_00_1.jpg
https://www.carrefour.es/supermercado/cepillo-dental-interdental-plus-mini-interprox-6-ud/R-590508752/p,Cepillo dental interdental plus mini Interprox 6 ud.,"6,45 €",,"6,45 €/ud",,Parafarmacia,Higiene Bucal,Cepillos y Seda,https://static.carrefour.es/hd_510x_/img_pim_food/554478_00_1.jpg
https://www.carrefour.es/supermercado/leche-fermentada-laban-saha-botella-de-750-ml/R-VC4AECOMM-139021/p,Leche fermentada Laban Saha botella de 750 ml.,"3,11 €",,"4,15 €/l",,La Despensa,Lácteos,Leche,https://static.carrefour.es/hd_510x_/img_pim_food/139021_00_1.jpg
https://www.carrefour.es/supermercado/medio-conejo-a-cuartos-circulo-de-calidad-550-g-aprox/R-VC4AECOMM-545777/p,Medio conejo a cuartos Círculo de Calidad 550 g aprox,"5,25 €",,"9,55 €/kg",,Productos Frescos,Carnicería,Conejo,https://static.carrefour.es/hd_510x_/img_pim_food/545777_00_1.jpg
https://www.carrefour.es/supermercado/dentifrico-antiplaca-y-anticaries-de-uso-diario-con-fluor-lacer-75-ml/R-590507978/p,Dentífrico antiplaca y anticaries de uso diario con flúor Lacer 75 ml.,"4,85 €",,"6,47 €/100ml",,Parafarmacia,Higiene Bucal,Pasta de dientes,https://static.carrefour.es/hd_510x_/img_pim_food/548486_00_1.jpg
https://www.carrefour.es/supermercado/barquitas-mexicanas-old-el-paso-193-g/R-763300244/p,Barquitas Mexicanas Old El Paso 193 g.,"3,19 €",,"16,53 €/kg",,La Despensa,"Conservas, Sopas y Precocinados","Tortillas, Empanadillas y Sandwiches",https://static.carrefour.es/hd_510x_/img_pim_food/771530_00_1.jpg
https://www.carrefour.es/supermercado/postre-de-soja-sabor-chocolate-carrefour-sensation-pack-de-4-unidades-de-100-g/R-687502740/p,Postre de soja sabor chocolate Carrefour Sensation pack de 4 unidades de 100 g.,"1,70 €",,"4,25 €/kg",,La Despensa,Yogures y Postres,Vegetal,https://static.carrefour.es/hd_510x_/img_pim_food/078667_00_1.jpg
https://www.carrefour.es/supermercado/flamenquines-de-pavo-y-queso-adelis-255-g/R-prod73824/p,Flamenquines de pavo y queso Adelís 255 g,"3,49 €",,"13,69 €/kg",,Productos Frescos,Carnicería,Empanados,https://static.carrefour.es/hd_510x_/img_pim_food/924221_00_1.jpg
https://www.carrefour.es/supermercado/mini-huevos-de-chocolate-rellenos-de-leche-y-avellanas-kinder-schokobons-200-g/R-fprod1470191/p,Mini huevos de chocolate rellenos de leche y avellanas Kinder Schokobons 200 g.,"4,75 €",,"23,75 €/kg",,La Despensa,Dulce,Bombones y Chocolates,https://static.carrefour.es/hd_510x_/img_pim_food/851127_00_1.jpg
https://www.carrefour.es/supermercado/onevit-energia-powerboost-45-ud/R-VC4AECOMM-383612/p,Onevit Energía Powerboost 45 ud.,"10,65 €",,"39,44 €/100g",,Parafarmacia,Nutrición y Dietética,Complementos Vitamínicos,https://static.carrefour.es/hd_510x_/img_pim_food/383612_00_1.jpg
https://www.carrefour.es/supermercado/lejia-neutrex-futura-19-l/R-VC4AECOMM-744365/p,"Lejía Neutrex Futura 1,9 l.","3,25 €",,"1,71 €/l",,Limpieza y Hogar,Cuidado de la Ropa,Lejías lavadora,https://static.carrefour.es/hd_510x_/img_pim_food/744365_00_1.jpg
https://www.carrefour.es/supermercado/preservativos-finissimo-original-control-12-ud/R-530363302/p,Preservativos finissimo original Control 12 ud.,"8,39 €",,"0,70 €/ud",,Perfumería e Higiene,Bienestar Sexual,Preservativos,https://static.carrefour.es/hd_510x_/img_pim_food/165027_00_1.jpg
https://www.carrefour.es/supermercado/berros-carrefour-125-g/R-521032339/p,Berros Carrefour 125 g,"2,03 €",,"16,24 €/kg",,Productos Frescos,Verduras y hortalizas,Ensaladas y Verduras Preparadas,https://static.carrefour.es/hd_510x_/img_pim_food/261727_00_1.jpg
https://www.carrefour.es/supermercado/nata-liquida-para-cocinar-carrefour-pack-de-3-unidades-de-200-ml/R-VC4AECOMM-465812/p,Nata líquida para cocinar Carrefour pack de 3 unidades de 200 ml.,"1,75 €",,"2,92 €/l",,La Despensa,Lácteos,Nata,https://static.carrefour.es/hd_510x_/img_pim_food/465812_00_1.jpg
https://www.carrefour.es/supermercado/tila-en-bolsitas-ecologica-carrefour-bio-20-ud/R-522714245/p,Tila en bolsitas ecológica Carrefour Bio 20 ud.,"2,29 €",,"81,79 €/kg",,La Despensa,Desayuno,Infusiones y Tés,https://static.carrefour.es/hd_510x_/img_pim_food/528263_00_1.jpg
https://www.carrefour.es/supermercado/regaliz-de-goma-sabor-fresa-balla-stixx-haribo-200-g/R-609302200/p,Regaliz de goma sabor fresa Balla Stixx Haribo 200 g.,"2,49 €",,"12,45 €/kg",,,,,https://static.carrefour.es/hd_510x_/img_pim_food/398785_00_1.jpg
https://www.carrefour.es/supermercado/pomada-para-proteger-la-zona-del-panal-mitosyl-145-g/R-651602061/p,Pomada para proteger la zona del pañal Mitosyl 145 g.,"16,49 €",,"11,37 €/100g",,Parafarmacia,Bebé,Anti Irritación,https://static.carrefour.es/hd_510x_/img_pim_food/125263_00_1.jpg
https://www.carrefour.es/supermercado/agua-micelar-vitamina-c-clinians-400-ml/R-VC4AECOMM-345650/p,Agua micelar vitamina C Clinians 400 ml.,"6,65 €",,"1,66 €/100ml",,Perfumería e Higiene,Cuidado y Protección Corporal,Limpieza Facial,https://static.carrefour.es/hd_510x_/img_pim_food/345650_00_1.jpg
https://www.carrefour.es/supermercado/tinto-de-verano-clasico-don-simon-botella-15-l/R-520661449/p,"Tinto de verano clásico Don Simón botella 1,5 l.","1,65 €",,"1,10 €/l",,Bebidas,Vinos,Sangría y Tinto de Verano,https://static.carrefour.es/hd_510x_/img_pim_food/710330_00_1.jpg
https://www.carrefour.es/supermercado/vaselina-senti2-20-g/R-836134030/p,Vaselina Senti2 20 g.,"1,71 €",,"8,55 €/100g",,Parafarmacia,Cuidado de manos y pies,Soluciones Durezas,https://static.carrefour.es/hd_510x_/img_pim_food/972816_00_1.jpg
https://www.carrefour.es/supermercado/cacahuetes-fritos-salados-con-miel-eagle-sin-gluten-250-g/R-521003548/p,Cacahuetes fritos salados con miel Eagle sin gluten 250 g.,"5,15 €",,"20,60 €/kg",,La Despensa,Aperitivos,Frutos Secos,https://static.carrefour.es/hd_510x_/img_pim_food/470103_00_1.jpg
https://www.carrefour.es/supermercado/snacks-anti-hairball-para-gatos-whiskas-60-g/R-553302083/p,Snacks anti-hairball para gatos Whiskas 60 g.,"2,59 €",,"43,17 €/kg",,Mascotas,Gatos,Pienso para gatos,https://static.carrefour.es/hd_510x_/img_pim_food/632890_00_1.jpg
https://www.carrefour.es/supermercado/yogur-de-fresa-con-grageas-de-chocolate-nestle-smarties-pack-de-2-unidades-de-128-g/R-638901810/p,Yogur de fresa con grageas de chocolate Nestlé Smarties pack de 2 unidades de 128 g.,"2,09 €","1,99 €","8,16 €/kg","7,77 €/kg",La Despensa,Yogures y Postres,Yogures Infantiles,https://static.carrefour.es/hd_510x_/img_pim_food/351938_00_1.jpg
https://www.carrefour.es/supermercado/mantequilla-ecologica-carrefour-bio-250-g/R-VC4AECOMM-649571/p,Mantequilla ecológica Carrefour Bio 250 g.,"3,89 €",,"15,56 €/kg",,La Despensa,Lácteos,Mantequillas y Margarinas,https://static.carrefour.es/hd_510x_/img_pim_food/649571_00_1.jpg
https://www.carrefour.es/supermercado/vino-tinto-barrica-tempranillo-hito-do-ribera-del-duero-75-cl/R-686200843/p,Hito Tinto 2022,"12,35 €",,"12,35 €/ud",,Bebidas,Vinos,Tinto,https://static.carrefour.es/hd_510x_/img_pim_food/077047_00_1.jpg
https://www.carrefour.es/supermercado/gel-intimo-frescor-diario-carrefour-500-ml/R-VC4AECOMM-580419/p,Gel íntimo frescor diario Carrefour 500 ml.,"1,25 €",,"0,25 €/100ml",,Perfumería e Higiene,Higiene íntima,Toallitas y geles íntimos,https://static.carrefour.es/hd_510x_/img_pim_food/580419_00_1.jpg
https://www.carrefour.es/supermercado/bombon-helado-con-chocolate-blanco-y-galleta-collection-magnum-3-ud/R-prod1140030/p,Bombón helado con chocolate blanco y galleta Collection Magnum 3 ud.,"4,99 €",,"1,66 €/ud",,,,,https://static.carrefour.es/hd_510x_/img_pim_food/194612_00_1.jpg
https://www.carrefour.es/supermercado/quitamanchas-para-ropa-en-gel-sin-lejia-oxi-action-vanish-1800-ml/R-fprod1270046/p,Quitamanchas para ropa en gel sin lejía Oxi Action Vanish 1800 ml.,"12,79 €",,"7,11 €/l",,Limpieza y Hogar,Cuidado de la Ropa,Aditivos y quitamanchas,https://static.carrefour.es/hd_510x_/img_pim_food/324990_00_1.jpg
https://www.carrefour.es/supermercado/vino-do-rioja-blanco-3-reinos-75-cl/R-prod590335/p,Vino D.O. Rioja blanco 3 Reinos 75 cl.,"2,95 €",,"2,95 €/ud",,Bebidas,Vinos,Blanco,https://static.carrefour.es/hd_510x_/img_pim_food/838589_00_1.jpg
https://www.carrefour.es/supermercado/helado-de-vainilla-caramelo-brownie-haagen-dazs-460-ml/R-prod1000087/p,Helado de vainilla caramelo brownie Häagen Dazs 460 ml.,"7,25 €",,"18,78 €/kg",,Congelados,Helados,Tarrinas,https://static.carrefour.es/hd_510x_/img_pim_food/075605_00_1.jpg
https://www.carrefour.es/supermercado/aperitivo-de-maiz-gusanitos-risi-sin-gluten-105-g/R-VC4AECOMM-205990/p,Aperitivo de maíz Gusanitos Risi sin gluten 105 g.,"1,80 €",,"17,14 €/kg",,La Despensa,Aperitivos,Snacks,https://static.carrefour.es/hd_510x_/img_pim_food/205990_00_1.jpg
https://www.carrefour.es/supermercado/palmeritas-de-hojaldre-con-fibra-sin-azucares-anadidos-250-g/R-525888199/p,Palmeritas de Hojaldre con Fibra Sin Azúcares Añadidos 250 g,"3,75 €","2,95 €","15,00 €/kg","11,80 €/kg",Productos Frescos,Panadería Tradicional,Bollería Tradicional,https://static.carrefour.es/hd_510x_/img_pim_food/645775_00_1.jpg
https://www.carrefour.es/supermercado/atun-claro-en-aceite-de-girasol-carrefour-pack-de-3-latas-de-104-g/R-521029270/p,Atún claro en aceite de girasol Carrefour pack de 3 latas de 104 g.,"3,90 €",,"12,50 €/kg",,La Despensa,"Conservas, Sopas y Precocinados",Conservas de Pescado y Marisco,https://static.carrefour.es/hd_510x_/img_pim_food/639061_00_1.jpg
https://www.carrefour.es/supermercado/bayeta-spontex-n3/R-783909200/p,BAYETA SPONTEX N.3,"4,09 €",,"1,36 €/ud",,Limpieza y Hogar,Utensilios de Limpieza,Bayetas Microfibra Atrapapolvo,https://static.carrefour.es/hd_510x_/img_pim_food/007174_00_1.jpg
https://www.carrefour.es/supermercado/margarina-con-sal-carrefour-500-g/R-prod830388/p,Margarina con sal Carrefour 500 g.,"1,45 €",,"2,90 €/kg",,La Despensa,Lácteos,Mantequillas y Margarinas,https://static.carrefour.es/hd_510x_/img_pim_food/298250_00_1.jpg
https://www.carrefour.es/supermercado/gafa-presbicia-redonda-circular-200-colores-varios-1-ud/R-VC4AECOMM-039702/p,Gafa presbicia redonda circular +2.00 colores varios 1 ud.,"15,35 €",,"15,35 €/ud",,Parafarmacia,Botiquín,Lentillas y Sueros,https://static.carrefour.es/hd_510x_/img_pim_food/039702_00_1.jpg
https://www.carrefour.es/supermercado/maltin-polar-lata-33-cl/R-VC4AECOMM-351377/p,Maltín Polar lata 33 cl.,"1,81 €",,"5,48 €/l",,Bebidas,Cerveza,Todas las Cervezas,https://static.carrefour.es/hd_510x_/img_pim_food/351377_00_1.jpg
https://www.carrefour.es/supermercado/mascarilla-facial-en-crema-antiarrugas-q10-soft-carrefour-2-ud/R-VC4AECOMM-465657/p,Mascarilla facial en crema antiarrugas Q10 Soft Carrefour 2 ud.,"1,14 €",,"0,57 €/ud",,Perfumería e Higiene,Cuidado y Protección Corporal,Piel,https://static.carrefour.es/hd_510x_/img_pim_food/465657_00_1.jpg
https://www.carrefour.es/supermercado/anacardos-crudos-carrefour-150-g/R-VC4AECOMM-525796/p,Anacardos crudos Carrefour 150 g,"3,05 €",,"20,33 €/kg",,La Despensa,Aperitivos,Frutos Secos,https://static.carrefour.es/hd_510x_/img_pim_food/525796_00_1.jpg
https://www.carrefour.es/supermercado/galletas-integrales-marielu-fontaneda-520-g/R-551802373/p,Galletas integrales MarieLu Fontaneda 520 g.,"3,75 €",,"7,21 €/kg",,La Despensa,Desayuno,Galletas,https://static.carrefour.es/hd_510x_/img_pim_food/499916_00_1.jpg
https://www.carrefour.es/supermercado/recambio-para-mopa-abrillantadora-de-microfibra-carrefour-2x175x44-cm-verde/R-609800826/p,"Recambio para Mopa Abrillantadora de Microfibra CARREFOUR 2x17,5x44 cm - Verde","4,59 €",,"4,59 €/ud",,Limpieza y Hogar,Utensilios de Limpieza,"Escobas, Mopas y Recogedores",https://static.carrefour.es/hd_510x_/img_pim_food/172913_00_1.jpg
https://www.carrefour.es/supermercado/bombon-helado-de-pistacho-gruvi-sammontana-4-ud/R-VC4AECOMM-728633/p,Bombón helado de pistacho Gruvi Sammontana 4 ud.,"6,59 €",,"1,65 €/ud",,Congelados,Helados,Bombón Helado,https://static.carrefour.es/hd_510x_/img_pim_food/728633_00_1.jpg
https://www.carrefour.es/supermercado/chocolate-con-leche-extrafino-nestle-sin-gluten-pack-de-5-tabletas-de-125-g/R-780049653/p,Chocolate con leche extrafino Nestlé sin gluten pack de 5 tabletas de 125 g.,"5,69 €",,"9,10 €/kg",,La Despensa,Dulce,Bombones y Chocolates,https://static.carrefour.es/hd_510x_/img_pim_food/798364_00_1.jpg
https://www.carrefour.es/supermercado/crema-de-coco-con-tequila-regidor-70-cl/R-VC4AECOMM-407002/p,Crema de coco con tequila Regidor 70 cl.,"9,15 €",,"13,07 €/l",,Bebidas,Licores y Cremas,Cremas,https://static.carrefour.es/hd_510x_/img_pim_food/407002_00_1.jpg
https://www.carrefour.es/supermercado/brandy-de-jerez-solera-altorreal-70-cl/R-VC4AECOMM-610470/p,Brandy de jerez solera Altorreal 70 cl.,"6,25 €",,"8,93 €/l",,Bebidas,Alcoholes,Brandy y Coñac,https://static.carrefour.es/hd_510x_/img_pim_food/610470_00_1.jpg
https://www.carrefour.es/supermercado/queso-azul-roquefort-societe-lactalis-cuna-200-g/R-VC4AECOMM-685713/p,Queso azul roquefort Societé Lactalis cuña 200 g,"9,13 €",,"45,65 €/kg",,Productos Frescos,Quesos,Todos los Quesos,https://static.carrefour.es/hd_510x_/img_pim_food/685713_00_1.jpg
https://www.carrefour.es/supermercado/yogur-frutas-con-melocoton-extra-carrefour-sin-gluten-pack-de-2-unidades-de-125-g/R-VC4AECOMM-720361/p,Yogur frutas con melocotón Extra Carrefour sin gluten pack de 2 unidades de 125 g.,"1,44 €",,"5,76 €/kg",,La Despensa,Yogures y Postres,Yogur Natural y Sabores,https://static.carrefour.es/hd_510x_/img_pim_food/720361_00_1.jpg
https://www.carrefour.es/supermercado/tonica-royal-bliss-berry-sensation-botella-20-cl/R-prod1022375/p,Tónica Royal Bliss berry sensation botella 20 cl.,"1,21 €",,"6,05 €/l",,Bebidas,Refrescos,Tónica,https://static.carrefour.es/hd_510x_/img_pim_food/098862_00_1.jpg
https://www.carrefour.es/supermercado/queso-gouda-viejo-carrefour-extra-sin-lactosa-250-g/R-VC4AECOMM-037123/p,Queso gouda viejo Carrefour Extra sin lactosa 250 g.,"3,85 €",,"15,40 €/kg",,Productos Frescos,Quesos,Gouda y Emmental,https://static.carrefour.es/hd_510x_/img_pim_food/037123_00_1.jpg
https://www.carrefour.es/supermercado/poleo-menta-en-bolsitas-pompadour-100-ud/R-521029073/p,Poleo menta en bolsitas Pompadour 100 ud.,"6,09 €",,"48,72 €/kg",,,,,https://static.carrefour.es/hd_510x_/img_pim_food/001742_00_1.jpg
https://www.carrefour.es/supermercado/garbanzo-lechoso-categoria-extra-luengo-1-kg/R-522713748/p,Garbanzo lechoso categoría extra Luengo 1 kg.,"4,23 €",,"4,23 €/kg",,La Despensa,Alimentación,Legumbres,https://static.carrefour.es/hd_510x_/img_pim_food/032611_00_1.jpg
https://www.carrefour.es/supermercado/cafe-latte-light-kaiku-sin-gluten-sin-lactosa-230-ml/R-544101834/p,Café latte light Kaiku sin gluten sin lactosa 230 ml.,"1,76 €",,"7,65 €/l",,La Despensa,Desayuno,Cafés,https://static.carrefour.es/hd_510x_/img_pim_food/231047_00_1.jpg
https://www.carrefour.es/supermercado/alubia-roja-categoria-extra-luengo-400-g/R-620102390/p,Alubia roja categoría extra Luengo 400 g.,"1,73 €",,"4,32 €/kg",,La Despensa,Alimentación,Legumbres,https://static.carrefour.es/hd_510x_/img_pim_food/693620_00_1.jpg
https://www.carrefour.es/supermercado/vino-tinto-crianza-dehesa-de-los-canonigos-do-ribera-del-duero-75-cl/R-546003671/p,Dehesa De Los Canonigos Tinto Con Crianza 2021,"21,90 €",,"21,90 €/ud",,Bebidas,Vinos,Tinto,https://static.carrefour.es/hd_510x_/img_pim_food/172425_00_1.jpg
https://www.carrefour.es/supermercado/agua-mineral-solan-de-cabras-75-cl/R-VC4AECOMM-335692/p,Agua mineral Solán de Cabras 75 cl.,"1,89 €",,"2,52 €/l",,Bebidas,Aguas y Zumos,"Agua hasta 0,75 litros",https://static.carrefour.es/hd_510x_/img_pim_food/335692_00_1.jpg
https://www.carrefour.es/supermercado/filete-de-dorada-con-piel-congelado-aligator-180-g/R-VC4AECOMM-628537/p,Filete de dorada con piel congelado Aligator 180 g,"3,99 €",,"22,17 €/kg",,Congelados,Pescados Congelados,,https://static.carrefour.es/hd_510x_/img_pim_food/628537_00_1.jpg
https://www.carrefour.es/supermercado/dentifrico-herbal-fresh-parodontax-pack-de-2-unidades-de-75-ml/R-VC4AECOMM-459359/p,Dentífrico Herbal Fresh Parodontax pack de 2 unidades de 75 ml.,"9,79 €",,"6,53 €/100ml",,Parafarmacia,Higiene Bucal,Pasta de dientes,https://static.carrefour.es/hd_510x_/img_pim_food/459359_00_1.jpg
https://www.carrefour.es/supermercado/chocolate-negro-92-valor-sin-gluten-170-g/R-prod730846/p,Chocolate negro 92% Valor sin gluten 170 g.,"4,45 €",,"26,18 €/kg",,La Despensa,Dulce,Bombones y Chocolates,https://static.carrefour.es/hd_510x_/img_pim_food/855097_00_1.jpg
https://www.carrefour.es/supermercado/pepitos-con-crema-de-cacao-carrefour-envase-4-ud/R-711901713/p,Pepitos con crema de cacao Carrefour envase 4 ud,"3,50 €",,"0,87 €/ud",,Productos Frescos,Panadería Tradicional,Bollería Tradicional,https://static.carrefour.es/hd_510x_/img_pim_food/011123_00_1.jpg
https://www.carrefour.es/supermercado/pizza-carbonara-casa-tarradellas-400-g/R-521030217/p,Pizza carbonara Casa Tarradellas 400 g.,"3,29 €",,"8,22 €/kg",,La Despensa,"Conservas, Sopas y Precocinados",Pizzas,https://static.carrefour.es/hd_510x_/img_pim_food/268536_00_1.jpg
https://www.carrefour.es/supermercado/ginebra-xpress-70-cl/R-VC4AECOMM-504013/p,Ginebra Xpress 70 cl.,"4,85 €",,"6,93 €/l",,,,,https://static.carrefour.es/hd_510x_/img_pim_food/504013_00_1.jpg
https://www.carrefour.es/supermercado/vino-do-ribera-del-duero-tinto-roble-carramimbre-75-cl/R-618405182/p,Carramimbre Tinto 2023,"10,49 €",,"10,49 €/ud",,Bebidas,Vinos,Tinto,https://static.carrefour.es/hd_510x_/img_pim_food/391229_00_1.jpg
https://www.carrefour.es/supermercado/licor-jagermeister-70-cl-molde-de-hielo/R-prod4440003/p,Licor Jägermeister 70 cl + molde de hielo,"14,49 €",,"20,70 €/l",,,,,https://static.carrefour.es/hd_510x_/img_pim_food/029606_00_1.jpg
https://www.carrefour.es/supermercado/tampones-super-compak-tampax-36-ud/R-521000532/p,Tampones super Compak Tampax 36 ud.,"6,49 €",,"0,18 €/ud",,Perfumería e Higiene,Higiene íntima,Tampones,https://static.carrefour.es/hd_510x_/img_pim_food/752992_00_1.jpg
https://www.carrefour.es/supermercado/papilla-infantil-desde-6-meses-galleta-maria-liquida-nestle-pack-de-2-unidades-de-250-ml/R-521028960/p,Papilla infantil desde 6 meses galleta maría líquida Nestlé pack de 2 unidades de 250 ml.,"2,65 €",,"5,30 €/l",,Bebé,Alimentación infantil,Papillas,https://static.carrefour.es/hd_510x_/img_pim_food/694526_00_1.jpg
https://www.carrefour.es/supermercado/leche-infantil-de-continuacion-desde-6-meses-en-polvo-nestle-nidina-2-pack-de-2-unidades-de-600-g/R-VC4AECOMM-346708/p,Leche infantil de continuación desde 6 meses en polvo Nestlé Nidina 2 pack de 2 unidades de 600 g.,"25,95 €",,"21,62 €/kg",,Bebé,Alimentación infantil,Leches Infantiles,https://static.carrefour.es/hd_510x_/img_pim_food/346708_00_1.jpg
https://www.carrefour.es/supermercado/edulcorante-climatos-y-sacarinas-en-polvo-carrefour-60-ud/R-prod260340/p,Edulcorante climatos y sacarinas en polvo Carrefour 60 ud.,"1,10 €",,"18,33 €/kg",,La Despensa,Desayuno,Azúcar y Edulcorantes,https://static.carrefour.es/hd_510x_/img_pim_food/293672_00_1.jpg
https://www.carrefour.es/supermercado/zumo-de-naranja-sin-pulpa-ecologico-carrefour-bio-75-cl/R-VC4AECOMM-419817/p,Zumo de naranja sin pulpa ecológico Carrefour Bio 75 cl.,"3,09 €",,"4,12 €/l",,Bebidas,Aguas y Zumos,Zumos no Refrigerados,https://static.carrefour.es/hd_510x_/img_pim_food/419817_00_1.jpg
https://www.carrefour.es/supermercado/fondo-de-paella-sin-gluten-200-g/R-prod66953/p,Fondo de paella sin gluten 200 g,"3,30 €",,"16,50 €/kg",,Productos Frescos,Pescadería,Preparados y elaborados de Pescado y Marisco,https://static.carrefour.es/hd_510x_/img_pim_food/018308_00_1.jpg
https://www.carrefour.es/supermercado/queso-de-oveja-viejo-flor-de-esgueva-cuna-250-g/R-VC4AECOMM-078698/p,Queso de oveja viejo Flor de Esgueva cuña 250 g.,"7,80 €",,"31,20 €/kg",,Productos Frescos,Quesos,Curado,https://static.carrefour.es/hd_510x_/img_pim_food/078698_00_1.jpg
https://www.carrefour.es/supermercado/arena-absorbente-higienica-10-kg-carrefour/R-521034079/p,"Arena Absorbente Higiénica 10 Kg, Carrefour","3,75 €",,"0,37 €/kg",,Mascotas,Gatos,Arena,https://static.carrefour.es/hd_510x_/img_pim_food/307117_00_1.jpg
https://www.carrefour.es/supermercado/filete-de-bacalao-noraynorth-400-g/R-VC4AECOMM-542115/p,Filete de bacalao NorayNorth 400 g.,"5,65 €",,"14,12 €/kg",,Congelados,Pescados Congelados,,https://static.carrefour.es/hd_510x_/img_pim_food/542115_00_1.jpg
https://www.carrefour.es/supermercado/alcaparras-carrefour-80-g/R-fprod1380005/p,Alcaparras Carrefour 80 g.,"0,95 €",,"11,87 €/kg",,La Despensa,Aperitivos,Aceitunas y Encurtidos,https://static.carrefour.es/hd_510x_/img_pim_food/350604_00_1.jpg
https://www.carrefour.es/supermercado/agua-mineral-font-vella-75-cl/R-868700634/p,Agua mineral Font Vella 75 cl.,"0,90 €",,"1,20 €/l",,Bebidas,Aguas y Zumos,"Agua hasta 0,75 litros",https://static.carrefour.es/hd_510x_/img_pim_food/172352_00_1.jpg
https://www.carrefour.es/supermercado/ensalada-premium-300-g/R-VC4AECOMM-743756/p,Ensalada premium 300 g,"3,36 €",,"11,20 €/kg",,Productos Frescos,Verduras y hortalizas,Ensaladas y Verduras Preparadas,https://static.carrefour.es/hd_510x_/img_pim_food/743756_00_1.jpg
https://www.carrefour.es/supermercado/preservativos-sensitivo-suave-para-mayor-sensibilidad-durex-12-ud/R-VC4AECOMM-487580/p,Preservativos sensitivo suave para mayor sensibilidad Durex 12 ud.,"7,99 €",,"0,67 €/ud",,Perfumería e Higiene,Bienestar Sexual,Preservativos,https://static.carrefour.es/hd_510x_/img_pim_food/487580_00_1.jpg
https://www.carrefour.es/supermercado/jamon-cocido-extra-en-lonchas-carrefour-el-mercado-180-g/R-VC4AECOMM-084161/p,Jamón Cocido Extra en lonchas Carrefour El Mercado 180 g,"2,69 €",,"14,94 €/kg",,Productos Frescos,Charcutería,Jamón Cocido y Lacón,https://static.carrefour.es/hd_510x_/img_pim_food/084161_00_1.jpg
https://www.carrefour.es/supermercado/papilla-infantil-desde-6-meses-cereales-integrales-muticereales-ecologico-hipp-biologico-sin-lactosa-400-g/R-741800813/p,Papilla infantil desde 6 meses cereales integrales muticereales ecológico Hipp Biológico sin lactosa 400 g.,"6,49 €",,"16,22 €/kg",,Bebé,Alimentación infantil,Papillas,https://static.carrefour.es/hd_510x_/img_pim_food/691414_00_1.jpg
https://www.carrefour.es/supermercado/caja-de-4-botellas-de-vino-tinto-reserva-tempranillo-lagunilla-doca-rioja-75-cl/R-575701975/p,Caja de 4 botellas de vino tinto reserva tempranillo Lagunilla D.O.Ca. Rioja 75 cl.,"35,00 €",,"35,00 €/ud",,Bebidas,Vinos,Estuches de vino,https://static.carrefour.es/hd_510x_/img_pim_food/283748_00_1.jpg
https://www.carrefour.es/supermercado/chocolate-extrafino-con-leche-y-cereales-crujientes-100-g/R-522714303/p,Chocolate extrafino con leche y cereales crujientes 100 g.,"1,10 €",,"11,00 €/kg",,La Despensa,Dulce,Bombones y Chocolates,https://static.carrefour.es/hd_510x_/img_pim_food/509229_00_1.jpg
https://www.carrefour.es/supermercado/enjuague-bucal-mentol-sabor-suave-sin-alcohol-listerine-1-l/R-867102841/p,Enjuague bucal mentol sabor suave sin alcohol Listerine 1 l.,"10,39 €",,"1,04 €/100ml",,Perfumería e Higiene,Boca y Sonrisa,Enjuagues Bucales,https://static.carrefour.es/hd_510x_/img_pim_food/165402_00_1.jpg
https://www.carrefour.es/supermercado/muslitos-de-codorniz-natural-circulo-de-calidad-200-g/R-608101379/p,Muslitos de codorniz natural Círculo de Calidad 200 g,"5,20 €",,"26,00 €/kg",,Productos Frescos,Carnicería,Aves y Pollo,https://static.carrefour.es/hd_510x_/img_pim_food/263213_00_1.jpg
https://www.carrefour.es/supermercado/batido-de-cacao-carrefour-sin-gluten-pack-de-6-briks-de-200-ml/R-819256514/p,Batido de cacao Carrefour sin gluten pack de 6 briks de 200 ml.,"1,40 €",,"1,17 €/l",,La Despensa,Lácteos,Batidos y Horchatas,https://static.carrefour.es/hd_510x_/img_pim_food/949065_00_1.jpg
https://www.carrefour.es/supermercado/baguette-carrefour-classic-sin-gluten-sin-lactosa-175-g/R-VC4AECOMM-550295/p,Baguette Carrefour Classic' sin gluten sin lactosa 175 g.,"1,99 €",,"11,37 €/kg",,La Despensa,"Panaderia, Bollería y Pastelería",Especialidades de pan,https://static.carrefour.es/hd_510x_/img_pim_food/550295_00_1.jpg
https://www.carrefour.es/supermercado/aceitunas-partidas-gazpachas-carrefour-sin-gluten-y-sin-lactosa-500-g/R-VC4AECOMM-482004/p,Aceitunas partidas gazpachas Carrefour sin gluten y sin lactosa 500 g.,"2,55 €",,"5,10 €/kg",,La Despensa,Aperitivos,Aceitunas y Encurtidos,https://static.carrefour.es/hd_510x_/img_pim_food/482004_00_1.jpg
https://www.carrefour.es/supermercado/yogur-desnatado-natural-ecologico-pastoret-500-g/R-prod830317/p,Yogur desnatado natural ecológico Pastoret 500 g.,"3,29 €",,"6,58 €/kg",,La Despensa,Yogures y Postres,Yogur Natural y Sabores,https://static.carrefour.es/hd_510x_/img_pim_food/298766_00_1.jpg
https://www.carrefour.es/supermercado/locion-corporal-nutricion-esencial-piel-seca-dove-400-ml/R-520664386/p,Loción corporal nutrición esencial piel seca Dove 400 ml.,"5,35 €",,"1,34 €/100ml",,Perfumería e Higiene,Cuidado y Protección Corporal,"Body Milk, Hidratación Bajo la Ducha",https://static.carrefour.es/hd_510x_/img_pim_food/357677_00_1.jpg
https://www.carrefour.es/supermercado/apositos-juanetes-compeed-5-ud/R-590507782/p,Apósitos juanetes Compeed 5 ud.,"6,79 €",,"1,36 €/ud",,Parafarmacia,Botiquín,Apósitos y Gasas,https://static.carrefour.es/hd_510x_/img_pim_food/543719_00_1.jpg
https://www.carrefour.es/supermercado/maquinilla-venus-smooth-sensitive-gillette-1-ud/R-VC4AECOMM-632273/p,Maquinilla Venus Smooth Sensitive Gillette 1 ud.,"6,95 €",,"6,95 €/ud",,Perfumería e Higiene,Depilación y Afeitado,Maquinillas y Recambios,https://static.carrefour.es/hd_510x_/img_pim_food/632273_00_1.jpg
https://www.carrefour.es/supermercado/cereales-con-avena-integral-y-chocolate-cruesli-quaker-375-g/R-521033570/p,Cereales con avena integral y chocolate Cruesli Quaker 375 g.,"5,25 €",,"14,00 €/kg",,La Despensa,Desayuno,Cereales,https://static.carrefour.es/hd_510x_/img_pim_food/059839_00_1.jpg
https://www.carrefour.es/supermercado/gel-exfoliante-anti-puntos-negros-men-espert-loreal-100-ml/R-fprod1360037/p,Gel exfoliante anti puntos negros Men Espert L'Oréal 100 ml.,"6,45 €",,"6,45 €/100ml",,Perfumería e Higiene,Cuidado y Protección Corporal,Limpieza Facial,https://static.carrefour.es/hd_510x_/img_pim_food/339701_00_1.jpg
https://www.carrefour.es/supermercado/bacalao-desalado-desmigado-procedente-de-pesca-sostenible-carrefour-250-g/R-prod73618/p,Bacalao desalado desmigado procedente de pesca sostenible Carrefour 250 g.,"4,35 €",,"17,40 €/kg",,Productos Frescos,Pescadería,Bacalao y Salazones,https://static.carrefour.es/hd_510x_/img_pim_food/965241_00_1.jpg
https://www.carrefour.es/supermercado/cepillo-interproximal-conico-interprox-6-ud/R-prod460086/p,Cepillo interproximal cónico Interprox 6 ud.,"5,15 €",,"0,86 €/ud",,Parafarmacia,Higiene Bucal,Cepillos y Seda,https://static.carrefour.es/hd_510x_/img_pim_food/826032_00_1.jpg
https://www.carrefour.es/supermercado/gasas-esteriles-crf-10unidades/R-526627300/p,GASAS ESTERILES CRF 10UNIDADES,"1,20 €",,"0,12 €/ud",,Parafarmacia,Botiquín,Apósitos y Gasas,https://static.carrefour.es/hd_510x_/img_pim_food/261859_00_1.jpg
https://www.carrefour.es/supermercado/hamburguesa-gruesa-mixta-carrefour-el-mercado-sin-gluten-y-sin-lactosa-2x180-g/R-VC4AECOMM-479491/p,Hamburguesa gruesa mixta Carrefour El Mercado sin gluten y sin lactosa 2x180 g,"3,39 €",,"9,42 €/kg",,Productos Frescos,Carnicería,Hamburguesas,https://static.carrefour.es/hd_510x_/img_pim_food/479491_00_1.jpg
https://www.carrefour.es/supermercado/pilas-alcalinas-de-boton-lr44-duracell-especiales-paquete-de-2/R-829844876/p,"Pilas Alcalinas de botón LR44 Duracell Especiales, paquete de 2","2,19 €",,"1,09 €/ud",,Limpieza y Hogar,Bazar,Pilas,https://static.carrefour.es/hd_510x_/img_pim_food/936485_00_1.jpg
https://www.carrefour.es/supermercado/queso-azul-saint-agur-125-g/R-VC4AECOMM-110078/p,Queso azul Saint Agur 125 g,"3,46 €",,"27,68 €/kg",,Productos Frescos,Quesos,Todos los Quesos,https://static.carrefour.es/hd_510x_/img_pim_food/110078_00_1.jpg
https://www.carrefour.es/supermercado/crema-renovadora-de-pies-cerave-88-ml/R-VC4AECOMM-610211/p,Crema renovadora de pies Cerave 88 ml.,"10,69 €",,"12,15 €/100ml",,Parafarmacia,Cuidado de manos y pies,Soluciones Durezas,https://static.carrefour.es/hd_510x_/img_pim_food/610211_00_1.jpg
https://www.carrefour.es/supermercado/lavavajillas-a-maquina-platinum-plus-pastillas-todo-en-uno-fairy-71-ud/R-VC4AECOMM-504129/p,Lavavajillas a máquina platinum plus pastillas todo en uno Fairy 71 ud.,"26,00 €",,"0,37 €/lavado",,Limpieza y Hogar,Productos para Cocina,Lavavajillas a máquina,https://static.carrefour.es/hd_510x_/img_pim_food/504129_00_1.jpg
https://www.carrefour.es/supermercado/vino-alma-atlantica-albarino-espumoso-75-cl/R-818300687/p,Alma Atlantica,"9,95 €",,"9,95 €/ud",,Bebidas,Cava y champagne,Cavas,https://static.carrefour.es/hd_510x_/img_pim_food/952669_00_1.jpg
https://www.carrefour.es/supermercado/gelatina-seleccion-de-carnes-para-gatos-felix-duo-purina-4-sobres/R-VC4AECOMM-719112/p,Gelatina selección de carnes para gatos Felix Duo Purina 4 sobres,"2,59 €",,"7,62 €/kg",,Mascotas,Gatos,Pienso para gatos,https://static.carrefour.es/hd_510x_/img_pim_food/719112_00_1.jpg
https://www.carrefour.es/supermercado/te-negro-descafeinado-en-bolsitas-carrefour-30-ud/R-prod690062/p,Té negro descafeinado en bolsitas Carrefour 30 ud.,"1,92 €",,"37,65 €/kg",,,,,https://static.carrefour.es/hd_510x_/img_pim_food/847131_00_1.jpg
https://www.carrefour.es/supermercado/alubia-blanca-la-muralla-1-kg/R-VC4AECOMM-180429/p,Alubia blanca La Muralla 1 kg.,"1,81 €",,"1,81 €/kg",,La Despensa,Alimentación,Legumbres,https://static.carrefour.es/hd_510x_/img_pim_food/180429_00_1.jpg
https://www.carrefour.es/supermercado/chicle-sin-azucar-sabor-a-menta-clix-one-sin-gluten-50-g/R-602205831/p,Chicle sin azúcar sabor a menta Clix One sin gluten 50 g.,"1,44 €",,"28,80 €/kg",,La Despensa,Dulce,Dulces y Golosinas,https://static.carrefour.es/hd_510x_/img_pim_food/370759_00_1.jpg
https://www.carrefour.es/supermercado/crema-balsamica-de-frambuesa-carrefour-250-ml/R-743315332/p,Crema balsámica de frambuesa Carrefour 250 ml.,"4,15 €",,"16,60 €/l",,La Despensa,Alimentación,Aceites y vinagres,https://static.carrefour.es/hd_510x_/img_pim_food/727901_00_1.jpg
https://www.carrefour.es/supermercado/papel-de-cocina-doble-capa-simpl-choice-4-ud/R-prod460754/p,Papel de cocina doble capa Simpl Choice 4 ud.,"1,99 €",,"0,50 €/ud",,Limpieza y Hogar,Papel y Celulosa,Papel Cocina y Multiusos,https://static.carrefour.es/hd_510x_/img_pim_food/827720_00_1.jpg
https://www.carrefour.es/supermercado/gel-wc-ecualipto-ecologico-eco-planet-carefour-750-ml/R-VC4AECOMM-476716/p,Gel WC ecualipto ecológico Eco Planet Carefour 750 ml.,"1,24 €",,"1,65 €/l",,Limpieza y Hogar,Productos para Baño,WC,https://static.carrefour.es/hd_510x_/img_pim_food/476716_00_1.jpg
https://www.carrefour.es/supermercado/zumo-de-fruta-y-leche-don-simon-caribe-zero-pack-de-6-briks-de-20-cl/R-527173292/p,Zumo de fruta y leche Don Simón Caribe zero pack de 6 briks de 20 cl.,"1,50 €",,"1,25 €/l",,Bebidas,Aguas y Zumos,Zumos no Refrigerados,https://static.carrefour.es/hd_510x_/img_pim_food/798191_00_1.jpg
https://www.carrefour.es/supermercado/bombon-helado-de-galleta-caramelizada-con-chocolate-blanco-lotus-biscoff-3-ud/R-VC4AECOMM-638651/p,Bombón helado de galleta caramelizada con chocolate blanco Lotus Biscoff 3 ud.,"4,49 €",,"1,50 €/ud",,Congelados,Helados,Bombón Helado,https://static.carrefour.es/hd_510x_/img_pim_food/638651_00_1.jpg
https://www.carrefour.es/supermercado/crema-de-avellanas-original-nocilla-sin-gluten-360-g/R-prod810304/p,Crema de avellanas original Nocilla sin gluten 360 g.,"3,65 €",,"10,14 €/kg",,La Despensa,Dulce,"Cremas de Cacao, Avellana y Cacahuete",https://static.carrefour.es/hd_510x_/img_pim_food/061269_00_1.jpg
https://www.carrefour.es/supermercado/caldo-ramen-pekis-sin-gluten-1-l/R-VC4AECOMM-351510/p,Caldo Ramen Pekis sin gluten 1 l.,"4,89 €",,"4,89 €/l",,La Despensa,"Conservas, Sopas y Precocinados","Caldos, Sopas y Pure",https://static.carrefour.es/hd_510x_/img_pim_food/351510_00_1.jpg
https://www.carrefour.es/supermercado/comida-humeda-seleccion-de-carnes-para-gatos-esterilizados-adultos-ultima-85x4-g/R-VC4AECOMM-630165/p,Comida húmeda selección de carnes para gatos esterilizados adultos Ultima 85x4 g.,"2,85 €",,"8,38 €/kg",,Mascotas,Gatos,Pienso para gatos,https://static.carrefour.es/hd_510x_/img_pim_food/630165_00_1.jpg
https://www.carrefour.es/supermercado/croissant-clasico-carrefour-el-mercado-4-ud/R-527030760/p,Croissant clásico Carrefour El Mercado 4 ud,"4,15 €",,"1,04 €/ud",,Productos Frescos,Panadería Tradicional,Bollería Tradicional,https://static.carrefour.es/hd_510x_/img_pim_food/163361_00_1.jpg
https://www.carrefour.es/supermercado/mejillon-ecologico-500-g/R-prod1090056/p,Mejillón ecológico 500 g,"4,99 €",,"9,98 €/kg",,Productos Frescos,Pescadería,Preparados y elaborados de Pescado y Marisco,https://static.carrefour.es/hd_510x_/img_pim_food/143322_00_1.jpg
https://www.carrefour.es/supermercado/royal-bliss-ironic-lemon-lata-25-cl/R-VC4AECOMM-377905/p,Royal Bliss Ironic lemon lata 25 cl.,"0,75 €",,"3,00 €/l",,Bebidas,Refrescos,Tónica,https://static.carrefour.es/hd_510x_/img_pim_food/377905_00_1.jpg
https://www.carrefour.es/supermercado/cafe-descafeinado-en-capsulas-saimaza-compatible-con-nespresso-20-unidades-de-52-g/R-prod670397/p,"Café descafeinado en cápsulas Saimaza compatible con Nespresso 20 unidades de 5,2 g.","5,25 €",,"50,48 €/kg",,La Despensa,Desayuno,Cafés,https://static.carrefour.es/hd_510x_/img_pim_food/846132_00_1.jpg
https://www.carrefour.es/supermercado/patata-baby-al-vapor-para-microondas-el-mercado-carrefour-bolsa-de-400-g/R-VC4AECOMM-492575/p,Patata baby al vapor para microondas El Mercado Carrefour bolsa de 400 g,"1,19 €",,"2,97 €/kg",,Productos Frescos,Verduras y hortalizas,"Patatas, Cebollas y Ajos",https://static.carrefour.es/hd_510x_/img_pim_food/492575_00_1.jpg
https://www.carrefour.es/supermercado/pera-ecologica-500-g/R-prod73017/p,Pera ecológica 500 g,"2,91 €",,"5,82 €/kg",,Productos Frescos,Frutas,Manzanas y Peras,https://static.carrefour.es/hd_510x_/img_pim_food/009678_00_1.jpg
https://www.carrefour.es/supermercado/mejillones-en-escabeche-isabel-sin-gluten-y-sin-lactosa-pack-de-3-unidades-de-43-g/R-VC4AECOMM-002603/p,Mejillones en escabeche Isabel sin gluten y sin lactosa pack de 3 unidades de 43 g.,"3,99 €",,"30,93 €/kg",,La Despensa,"Conservas, Sopas y Precocinados",Conservas de Pescado y Marisco,https://static.carrefour.es/hd_510x_/img_pim_food/002603_00_1.jpg
https://www.carrefour.es/supermercado/bolitas-tres-chocolates-carrefour-sensation-choco-ballz-sin-gluten-doy-pack-200-g/R-VC4AECOMM-314570/p,Bolitas tres chocolates Carrefour Sensation Choco Ballz sin gluten doy pack 200 g.,"3,15 €",,"15,75 €/kg",,La Despensa,Dulce,Bombones y Chocolates,https://static.carrefour.es/hd_510x_/img_pim_food/314570_00_1.jpg
https://www.carrefour.es/supermercado/pudding-de-proteinas-sabor-caramelo-sin-azucar-anadido-danone-yopro-180-g/R-VC4AECOMM-429680/p,Pudding de proteínas sabor caramelo sin azúcar añadido Danone Yopro 180 g.,"1,92 €",,"10,67 €/kg",,La Despensa,Yogures y Postres,Proteína,https://static.carrefour.es/hd_510x_/img_pim_food/429680_00_1.jpg
https://www.carrefour.es/supermercado/galletas-tosta-rica-cuetara-760-g/R-740905726/p,Galletas Tosta Rica Cuétara 760 g.,"3,99 €",,"5,25 €/kg",,La Despensa,Desayuno,Galletas,https://static.carrefour.es/hd_510x_/img_pim_food/718507_00_1.jpg
https://www.carrefour.es/supermercado/filetes-de-caballa-del-sur-en-aceite-de-oliva-ubago-85-g/R-521016409/p,Filetes de caballa del sur en aceite de oliva Ubago 85 g.,"3,05 €",,"35,88 €/kg",,La Despensa,"Conservas, Sopas y Precocinados",Conservas de Pescado y Marisco,https://static.carrefour.es/hd_510x_/img_pim_food/030846_00_1.jpg
https://www.carrefour.es/supermercado/jalapenos-sensation-carrefour-160-g/R-VC4AECOMM-278365/p,Jalapeños Sensation Carrefour 160 g.,"2,65 €",,"16,56 €/kg",,La Despensa,Aperitivos,Aceitunas y Encurtidos,https://static.carrefour.es/hd_510x_/img_pim_food/278365_00_1.jpg
https://www.carrefour.es/supermercado/bloque-de-helado-de-chocolate-nata-y-vainilla-carrefour-classic-sin-azucar-anadido-475-g/R-VC4AECOMM-329116/p,"Bloque de helado de chocolate, nata y vainilla Carrefour Classic' sin azúcar añadido 475 g.","2,15 €",,"4,53 €/kg",,Congelados,Helados,Bloques,https://static.carrefour.es/hd_510x_/img_pim_food/329116_00_1.jpg
https://www.carrefour.es/supermercado/pienso-de-buey-y-pollo-con-verduras-para-gato-adulto-purina-friskies-5-promesas-15-kg/R-521007732/p,"Pienso de buey y pollo con verduras para gato adulto Purina Friskies 5 Promesas 1,5 kg","5,15 €",,"3,43 €/kg",,Mascotas,Gatos,Pienso para gatos,https://static.carrefour.es/hd_510x_/img_pim_food/558030_00_1.jpg
https://www.carrefour.es/supermercado/bifidus-desnatado-con-trozos-de-frutas-carrefour-classic-sin-azucar-anadido-pack-de-8-unidades-de-125-g/R-VC4AECOMM-598995/p,Bífidus desnatado con trozos de frutas Carrefour Classic' sin azúcar añadido pack de 8 unidades de 125 g.,"2,45 €",,"2,45 €/kg",,La Despensa,Yogures y Postres,Bífidus,https://static.carrefour.es/hd_510x_/img_pim_food/598995_00_1.jpg
https://www.carrefour.es/supermercado/salchichas-de-pollo-carrefour-400-g/R-VC4AECOMM-065793/p,Salchichas de pollo Carrefour 400 g,"4,49 €",,"11,22 €/kg",,Productos Frescos,Carnicería,Otras carnes,https://static.carrefour.es/hd_510x_/img_pim_food/065793_00_1.jpg
https://www.carrefour.es/supermercado/compresas-super-con-alas-liberty-evax-10-ud/R-prod260488/p,Compresas super con alas Liberty Evax 10 ud.,"3,55 €",,"0,35 €/ud",,Perfumería e Higiene,Higiene íntima,Compresas,https://static.carrefour.es/hd_510x_/img_pim_food/293423_00_1.jpg
https://www.carrefour.es/supermercado/pate-al-oporto-carrefour-el-mercado-sin-gluten-100-g/R-VC4AECOMM-187461/p,Paté al Oporto Carrefour El Mercado sin gluten 100 g.,"1,79 €",,"17,90 €/kg",,Productos Frescos,Charcutería,"Foie, Patés y Sobrasadas",https://static.carrefour.es/hd_510x_/img_pim_food/187461_00_1.jpg
https://www.carrefour.es/supermercado/galletas-rellenas-de-chocolate-zero-gullon-sin-azucar-anadido-250-g/R-700809154/p,Galletas rellenas de chocolate Zero Gullón sin azúcar añadido 250 g.,"2,29 €",,"9,16 €/kg",,La Despensa,Desayuno,Galletas,https://static.carrefour.es/hd_510x_/img_pim_food/391355_00_1.jpg
https://www.carrefour.es/supermercado/ron-brugal-anejo-superior-175-l/R-753307278/p,"Ron Brugal añejo superior 1,75 l.","37,10 €",,"21,20 €/l",,Bebidas,Alcoholes,Ron,https://static.carrefour.es/hd_510x_/img_pim_food/727281_00_1.jpg
https://www.carrefour.es/supermercado/bebida-de-avena-yosoy-sin-gluten-brik-1-l/R-804323938/p,Bebida de avena YoSoy sin gluten brik 1 l.,"1,71 €",,"1,71 €/l",,La Despensa,Lácteos,Bebida Vegetal,https://static.carrefour.es/hd_510x_/img_pim_food/912945_00_1.jpg
https://www.carrefour.es/supermercado/agua-micelar-desmaquillador-todo-en-uno-para-piel-seca-y-sensible-micellair-nivea-400-ml/R-857900482/p,Agua micelar desmaquillador todo en uno para piel seca y sensible MicellAIR Nivea 400 ml.,"5,35 €",,"1,34 €/100ml",,Perfumería e Higiene,Cuidado y Protección Corporal,Limpieza Facial,https://static.carrefour.es/hd_510x_/img_pim_food/105761_00_1.jpg
https://www.carrefour.es/supermercado/cafe-cortado-en-capsulas-carrefour-compatible-con-dolce-gusto-16-unidades-de-58-g/R-fprod1280746/p,"Café cortado en cápsulas Carrefour compatible con Dolce Gusto 16 unidades de 5,8 g.","3,05 €",,"32,80 €/kg",,La Despensa,Desayuno,Cafés,https://static.carrefour.es/hd_510x_/img_pim_food/331359_00_1.jpg
https://www.carrefour.es/supermercado/bolsas-panales-carrefour-baby-x50/R-521010845/p,Bolsas Pañales Carrefour Baby x50,"1,93 €",,"0,04 €/ud",,Bebé,Puericultura,"Baberos, Protegecamas y bolsas para pañales",https://static.carrefour.es/hd_510x_/img_pim_food/091564_00_1.jpg
https://www.carrefour.es/supermercado/lavavajillas-a-mano-power-clean-carrefour-expert-1-l/R-864105609/p,Lavavajillas a mano Power Clean Carrefour Expert 1 l.,"1,41 €",,"1,41 €/l",,Limpieza y Hogar,Productos para Cocina,Lavavajillas a Mano,https://static.carrefour.es/hd_510x_/img_pim_food/151111_00_1.jpg
https://www.carrefour.es/supermercado/queso-de-cabra-rulo-carrefour-180-g/R-VC4AECOMM-711300/p,Queso de cabra rulo Carrefour 180 g,"2,79 €",,"15,50 €/kg",,Productos Frescos,Quesos,Queso Fresco,https://static.carrefour.es/hd_510x_/img_pim_food/711300_00_1.jpg
https://www.carrefour.es/supermercado/mermelada-de-arandanos-temporada-hero-sin-gluten-350-g/R-VC4AECOMM-448902/p,Mermelada de arándanos Temporada Hero sin gluten 350 g.,"2,99 €",,"8,54 €/kg",,La Despensa,Dulce,"Mermeladas, Membrillos y Compotas",https://static.carrefour.es/hd_510x_/img_pim_food/448902_00_1.jpg
https://www.carrefour.es/supermercado/canelones-de-atun-carrefour-500-g/R-VC4AECOMM-157739/p,Canelones de atún Carrefour 500 g.,"2,39 €",,"4,78 €/kg",,Congelados,Rebozados y Platos Preparados,,https://static.carrefour.es/hd_510x_/img_pim_food/157739_00_1.jpg
https://www.carrefour.es/supermercado/barrita-de-chocolate-con-corazon-de-leche-milkinis-milka-8-ud/R-prod550077/p,Barrita de chocolate con corazón de leche Milkinis Milka 8 ud.,"1,62 €",,"18,62 €/kg",,,,,https://static.carrefour.es/hd_510x_/img_pim_food/835521_00_1.jpg
https://www.carrefour.es/supermercado/espaguetis-gallo-sin-gluten-450-g/R-VC4AECOMM-594201/p,Espaguetis Gallo sin gluten 450 g.,"2,45 €",,"5,44 €/kg",,La Despensa,Alimentación,Pastas,https://static.carrefour.es/hd_510x_/img_pim_food/594201_00_1.jpg
https://www.carrefour.es/supermercado/licor-ponche-70-cl/R-799397802/p,Licor Ponche 70 cl.,"6,29 €",,"8,99 €/l",,Bebidas,Licores y Cremas,Licores y Orujo,https://static.carrefour.es/hd_510x_/img_pim_food/897508_00_1.jpg
https://www.carrefour.es/supermercado/snacks-dental-para-perros-medianos-pedigree-daily-oral-care-dentastix-pack-de-56-unidades/R-720861247/p,Snacks dental para perros medianos Pedigree daily Oral Care Dentastix pack de 56 unidades,"21,00 €",,"0,37 €/ud",,Mascotas,Perros,"Premios, Snacks y Huesos",https://static.carrefour.es/hd_510x_/img_pim_food/331714_00_1.jpg
https://www.carrefour.es/supermercado/crema-de-calabacin-con-queso-carrefour-sin-gluten-500-ml/R-prod1130074/p,Crema de calabacín con queso Carrefour sin gluten 500 ml.,"0,99 €",,"1,98 €/l",,La Despensa,"Conservas, Sopas y Precocinados","Caldos, Sopas y Pure",https://static.carrefour.es/hd_510x_/img_pim_food/177736_00_1.jpg
https://www.carrefour.es/supermercado/palitos-de-pan-con-crema-de-cacao-y-avellanas-choco-mix-sitcks-nocilla-pack-de-2-unidades-de-30-g/R-prod810285/p,Palitos de pan con crema de cacao y avellanas Choco Mix Sitcks Nocilla pack de 2 unidades de 30 g.,"1,20 €",,"20,00 €/kg",,La Despensa,Dulce,"Cremas de Cacao, Avellana y Cacahuete",https://static.carrefour.es/hd_510x_/img_pim_food/061308_00_1.jpg
https://www.carrefour.es/supermercado/salsa-guacamole-dip-mexifoods-280-g/R-VC4AECOMM-337788/p,Salsa guacamole Dip Mexifoods 280 g.,"2,75 €",,"9,82 €/kg",,La Despensa,Alimentación,Salsas y Tomate Frito,https://static.carrefour.es/hd_510x_/img_pim_food/337788_00_1.jpg
https://www.carrefour.es/supermercado/galletas-tuestis-avengers-gullon-400-g/R-836808335/p,Galletas Tuestis Avengers Gullón 400 g.,"2,29 €",,"5,72 €/kg",,La Despensa,Desayuno,Galletas,https://static.carrefour.es/hd_510x_/img_pim_food/973921_00_1.jpg
https://www.carrefour.es/supermercado/tostadas-crujientes-de-trigo-sarraceno-ecologicas-santiveri-sin-gluten-sin-lactosa-y-sin-azucar-anadido-100-g/R-prod810572/p,"Tostadas crujientes de trigo sarraceno ecológicas Santiveri sin gluten, sin lactosa y sin azúcar añadido 100 g.","2,79 €",,"27,90 €/kg",,La Despensa,"Panaderia, Bollería y Pastelería","Colines, picos y crakers",https://static.carrefour.es/hd_510x_/img_pim_food/201208_00_1.jpg
https://www.carrefour.es/supermercado/labial-liquido-matte-lipgloss-nudes-to-passion-magic-studio-1-ud/R-VC4AECOMM-054470/p,Labial líquido Matte Lipgloss Nudes to Passion Magic Studio 1 ud.,"2,95 €",,"2,95 €/ud",,Perfumería e Higiene,Cosmética,Labios,https://static.carrefour.es/hd_510x_/img_pim_food/054470_00_1.jpg
https://www.carrefour.es/supermercado/te-verde-extra-puro-en-bolsitas-hornimans-20-ud/R-785981433/p,Té verde extra puro en bolsitas Hornimans 20 ud.,"2,89 €",,"96,33 €/kg",,La Despensa,Desayuno,Infusiones y Tés,https://static.carrefour.es/hd_510x_/img_pim_food/786724_00_1.jpg
https://www.carrefour.es/supermercado/colageno-con-magnesio-ana-maria-la-justicia-sin-gluten-450-comprimidos/R-836507269/p,Colágeno con Magnesio Ana María La Justicia sin gluten 450 comprimidos.,"19,55 €",,"2,44 €/100g",,Parafarmacia,Nutrición y Dietética,Complementos Vitamínicos,https://static.carrefour.es/hd_510x_/img_pim_food/973561_00_1.jpg
https://www.carrefour.es/supermercado/sazonador-para-espagueti-carmencita-sin-gluten-30-g/R-530066704/p,Sazonador para espagueti Carmencita sin gluten 30 g.,"2,49 €",,"65,53 €/kg",,La Despensa,Alimentación,Especias y Sazonadores,https://static.carrefour.es/hd_510x_/img_pim_food/002141_00_1.jpg
https://www.carrefour.es/supermercado/bolsas-de-basura-residuos-organicos-carrefour-essential-20l-20-ud/R-VC4AECOMM-316271/p,Bolsas de Basura Residuos Orgánicos CARREFOUR ESSENTIAL 20L 20 ud,"1,25 €",,"0,06 €/ud",,Limpieza y Hogar,Utensilios de Limpieza,Bolsas de Basura,https://static.carrefour.es/hd_510x_/img_pim_food/316271_00_1.jpg
https://www.carrefour.es/supermercado/cacahuetes-recubiertos-de-chocolate-de-colores-conguitos-sin-gluten-y-sin-acete-de-palma-doy-pack-168-g/R-605324225/p,Cacahuetes recubiertos de chocolate de colores Conguitos sin gluten y sin acete de palma doy pack 168 g.,"3,59 €",,"21,37 €/kg",,La Despensa,Dulce,Bombones y Chocolates,https://static.carrefour.es/hd_510x_/img_pim_food/377182_00_1.jpg
https://www.carrefour.es/supermercado/desodorante-en-spray-you-essentiel-axe-150-ml/R-VC4AECOMM-135381/p,Desodorante en spray You Essentiel Axe 150 ml.,"2,29 €",,"1,53 €/100ml",,Perfumería e Higiene,Baño e Higiene Corporal,Desodorantes,https://static.carrefour.es/hd_510x_/img_pim_food/135381_00_1.jpg
https://www.carrefour.es/supermercado/dentifrico-expert-8-carrefour-soft-75-ml/R-fprod1460444/p,Dentífrico Expert 8 Carrefour Soft 75 ml.,"0,83 €",,"1,11 €/100ml",,Perfumería e Higiene,Boca y Sonrisa,Dentífricos,https://static.carrefour.es/hd_510x_/img_pim_food/400843_00_1.jpg
https://www.carrefour.es/supermercado/salsa-chimichurri-salsas-asturianas-sin-gluten-botella-295-g/R-521005315/p,Salsa chimichurri Salsas Asturianas sin gluten botella 295 g.,"3,29 €",,"11,15 €/kg",,La Despensa,Alimentación,Salsas y Tomate Frito,https://static.carrefour.es/hd_510x_/img_pim_food/096796_00_1.jpg
https://www.carrefour.es/supermercado/croissant-de-mantequilla-carrefour-8-ud/R-527030364/p,Croissant de mantequilla Carrefour 8 ud,"3,49 €",,"0,44 €/ud",,Productos Frescos,Panadería Tradicional,Bollería Tradicional,https://static.carrefour.es/hd_510x_/img_pim_food/035780_00_1.jpg
https://www.carrefour.es/supermercado/jabon-de-manos-liquido-leche-y-almendra-con-hidratante-naturals-palmolive-300-ml/R-521012451/p,Jabón de manos líquido leche y almendra con hidratante Naturals Palmolive 300 ml.,"2,75 €",,"0,92 €/100ml",,Perfumería e Higiene,Baño e Higiene Corporal,Jabón de Manos,https://static.carrefour.es/hd_510x_/img_pim_food/297265_00_1.jpg
https://www.carrefour.es/supermercado/chicles-de-menta-sin-azucar-refreshers-orbit-67-g/R-VC4AECOMM-694934/p,Chicles de menta sin azúcar Refreshers Orbit 67 g.,"4,45 €",,"66,42 €/kg",,La Despensa,Dulce,Dulces y Golosinas,https://static.carrefour.es/hd_510x_/img_pim_food/694934_00_1.jpg
https://www.carrefour.es/supermercado/baguette-mini-schar-sin-gluten-150-g/R-651303639/p,Baguette mini Schär sin gluten 150 g.,"2,89 €",,"19,27 €/kg",,La Despensa,"Panaderia, Bollería y Pastelería",Especialidades de pan,https://static.carrefour.es/hd_510x_/img_pim_food/815251_00_1.jpg
https://www.carrefour.es/supermercado/aceitunas-negras-con-hueso-manzanilla-cacerena-de-nuestra-tierra-350-g/R-VC4AECOMM-419010/p,Aceitunas Negras con Hueso Manzanilla Cacereña de Nuestra Tierra 350 g.,"1,78 €",,"8,90 €/kg",,La Despensa,Aperitivos,Aceitunas y Encurtidos,https://static.carrefour.es/hd_510x_/img_pim_food/419010_00_1.jpg
https://www.carrefour.es/supermercado/toallitas-multiusos-limpieza-carrefour-40-ud/R-VC4AECOMM-267689/p,Toallitas multiusos limpieza Carrefour 40 ud.,"1,73 €",,"0,04 €/ud",,Limpieza y Hogar,Productos para toda la casa,Limpiacristales y Multiusos,https://static.carrefour.es/hd_510x_/img_pim_food/267689_00_1.jpg
https://www.carrefour.es/supermercado/tomate-troceado-napolina-400-g/R-590507352/p,Tomate troceado Napolina 400 g.,"1,99 €",,"4,97 €/kg",,La Despensa,"Conservas, Sopas y Precocinados",Conservas de Tomate,https://static.carrefour.es/hd_510x_/img_pim_food/521870_00_1.jpg
https://www.carrefour.es/supermercado/limpia-lavadoras-carrefour-250-ml/R-fprod1460441/p,Limpia lavadoras Carrefour 250 ml.,"1,93 €",,"7,72 €/l",,Limpieza y Hogar,Cuidado de la Ropa,Limpiadores y Antical para Lavadora,https://static.carrefour.es/hd_510x_/img_pim_food/400399_00_1.jpg
https://www.carrefour.es/supermercado/mascara-de-pestanas-lash-sensational-waterproof-001-maybelline-1-ud/R-805525995/p,Máscara de pestañas Lash Sensational Waterproof 001 Maybelline 1 ud.,"11,29 €",,"11,29 €/ud",,Perfumería e Higiene,Cosmética,Ojos,https://static.carrefour.es/hd_510x_/img_pim_food/924348_00_1.jpg
https://www.carrefour.es/supermercado/pizza-de-jamon-y-queso-casa-tarradellas-405-g/R-521030231/p,Pizza de jamón y queso Casa Tarradellas 405 g.,"3,29 €",,"8,12 €/kg",,La Despensa,"Conservas, Sopas y Precocinados",Pizzas,https://static.carrefour.es/hd_510x_/img_pim_food/051680_00_1.jpg
https://www.carrefour.es/supermercado/bizcocho-el-greco-sin-lactosa-300-g/R-VC4AECOMM-126118/p,Bizcocho El Greco sin lactosa 300 g.,"1,99 €",,"6,63 €/kg",,La Despensa,"Panaderia, Bollería y Pastelería",Bollería,https://static.carrefour.es/hd_510x_/img_pim_food/126118_00_1.jpg
https://www.carrefour.es/supermercado/tomate-cherry-cocktail-romantico-carrefour-300-g/R-VC4AECOMM-369248/p,Tomate cherry cocktail romántico Carrefour 300 g,"4,07 €",,"13,57 €/kg",,Productos Frescos,Verduras y hortalizas,Tomates y Pepinos,https://static.carrefour.es/hd_510x_/img_pim_food/369248_00_1.jpg
https://www.carrefour.es/supermercado/champinones-enteros-carrefour-pack-de-3-unidades-de-115-g/R-521008871/p,Champiñones enteros Carrefour pack de 3 unidades de 115 g.,"3,05 €",,"8,84 €/kg",,La Despensa,"Conservas, Sopas y Precocinados",Conservas de Vegetales,https://static.carrefour.es/hd_510x_/img_pim_food/679118_00_1.jpg
https://www.carrefour.es/supermercado/papaya-deshidratada-a-granel-250-g-aprox/R-prod840627/p,Papaya deshidratada a granel 250 g aprox,"2,49 €",,"9,95 €/kg",,La Despensa,Aperitivos,Frutas Desecadas,https://static.carrefour.es/hd_510x_/img_pim_food/352659_00_1.jpg
https://www.carrefour.es/supermercado/alubia-pinta-categoria-extra-carrefour-1-kg/R-636701845/p,Alubia pinta categoría extra Carrefour 1 kg.,"2,45 €",,"2,45 €/kg",,La Despensa,Alimentación,Legumbres,https://static.carrefour.es/hd_510x_/img_pim_food/811358_00_1.jpg
https://www.carrefour.es/supermercado/champagne-moet-chandon-rose-imperial-brut-375-cl/R-860100512/p,Möet & Chandon Champagne,"36,90 €",,"36,90 €/ud",,Bebidas,Cava y champagne,Champagne,https://static.carrefour.es/hd_510x_/img_pim_food/130591_00_1.jpg
https://www.carrefour.es/supermercado/huesos-blancos-de-cerdo-carrefour-500-g-aprox/R-prod840267/p,Huesos blancos de cerdo Carrefour 500 g aprox,"2,12 €",,"4,25 €/kg",,Productos Frescos,Carnicería,Vacuno,https://static.carrefour.es/hd_510x_/img_pim_food/267495_00_1.jpg
https://www.carrefour.es/supermercado/after-shave-balsamo-sensitive-nivea-men-100-ml/R-521008374/p,After shave bálsamo Sensitive Nivea Men 100 ml.,"5,95 €",,"5,95 €/100ml",,Perfumería e Higiene,Depilación y Afeitado,After Shave,https://static.carrefour.es/hd_510x_/img_pim_food/001181_00_1.jpg
https://www.carrefour.es/supermercado/cerveza-cruzcampo-pilsen-pack-de-12-latas-de-33-cl/R-520661323/p,Cerveza Cruzcampo Pilsen pack de 12 latas de 33 cl.,"8,64 €",,"2,18 €/l",,Bebidas,Cerveza,Todas las Cervezas,https://static.carrefour.es/hd_510x_/img_pim_food/537803_00_1.jpg
https://www.carrefour.es/supermercado/vino-do-rioja-blanco-el-coto-75-cl/R-520661493/p,El Coto Blanco 2023,"4,15 €",,"4,15 €/ud",,,,,https://static.carrefour.es/hd_510x_/img_pim_food/236940_00_1.jpg
https://www.carrefour.es/supermercado/gamba-pelada-cruda-congelada-grand-krust-300-g/R-819114874/p,Gamba pelada cruda congelada Grand Krust 300 g.,"9,45 €",,"31,50 €/kg",,Congelados,Mariscos Congelados,,https://static.carrefour.es/hd_510x_/img_pim_food/951872_00_1.jpg
https://www.carrefour.es/supermercado/preparado-de-soja-natural-tipo-skyr-alto-en-proteina-alpro-400-g/R-VC4AECOMM-460061/p,Preparado de soja natural tipo skyr alto en proteína Alpro 400 g.,"2,59 €",,"6,47 €/kg",,La Despensa,Yogures y Postres,Vegetal,https://static.carrefour.es/hd_510x_/img_pim_food/460061_00_1.jpg
https://www.carrefour.es/supermercado/dentifrico-sensibilidad-dental-sensilacer-75-ml/R-prod70984/p,Dentífrico sensibilidad dental Sensilacer 75 ml.,"6,69 €",,"8,92 €/100ml",,Parafarmacia,Higiene Bucal,Pasta de dientes,https://static.carrefour.es/hd_510x_/img_pim_food/549997_00_1.jpg
https://www.carrefour.es/supermercado/aceitunas-verdes-rellenas-de-anchoa-la-espanola-130-g/R-VC4AECOMM-617324/p,Aceitunas verdes rellenas de anchoa La Española 130 g.,"2,65 €",,"20,38 €/kg",,La Despensa,Aperitivos,Aceitunas y Encurtidos,https://static.carrefour.es/hd_510x_/img_pim_food/617324_00_1.jpg
https://www.carrefour.es/supermercado/tarrito-de-crema-suave-de-calabacin-con-jamon-y-quesito-desde-6-mese-hero-buenas-noches-sin-gluten-190-g/R-VC4AECOMM-514271/p,Tarrito de crema suave de calabacín con jamón y quesito desde 6 mese Hero Buenas Noches sin gluten 190 g.,"1,69 €",,"8,89 €/kg",,Bebé,Alimentación infantil,Tarritos y Platos Preparados,https://static.carrefour.es/hd_510x_/img_pim_food/514271_00_1.jpg
https://www.carrefour.es/supermercado/leche-infantil-de-continuacion-desde-6-meses-en-polvo-almiron-profutura-2-duobiotik-sin-aceite-de-palma-lata-800-g/R-prod730372/p,Leche infantil de continuación desde 6 meses en polvo Almirón Profutura 2 Duobiotik sin aceite de palma lata 800 g.,"27,10 €",,"33,87 €/kg",,Parafarmacia,Bebé,Leche infantil,https://static.carrefour.es/hd_510x_/img_pim_food/807608_00_1.jpg
https://www.carrefour.es/supermercado/langostino-cocido-congelado-30-40-ud-pescatrade-900-g/R-857300370/p,Langostino cocido congelado (30/40 ud) Pescatrade 900 g,"9,95 €","8,95 €","11,06 €/kg","9,94 €/kg",Congelados,Mariscos Congelados,,https://static.carrefour.es/hd_510x_/img_pim_food/100599_00_1.jpg
https://www.carrefour.es/supermercado/fregasuelos-concentrado-cian-avevi-950-ml/R-prod890175/p,Fregasuelos concentrado cian Avevi 950 ml.,"2,29 €",,"2,41 €/l",,Limpieza y Hogar,Productos para toda la casa,Suelos,https://static.carrefour.es/hd_510x_/img_pim_food/036251_00_1.jpg
https://www.carrefour.es/supermercado/croquetas-de-jamon-iberico-carrefour-extra-350-g/R-VC4AECOMM-693833/p,Croquetas de jamón ibérico Carrefour Extra 350 g.,"2,19 €",,"6,26 €/kg",,Congelados,Rebozados y Platos Preparados,,https://static.carrefour.es/hd_510x_/img_pim_food/693833_00_1.jpg
https://www.carrefour.es/supermercado/chocolate-con-leche-lindt-lindor-100-g/R-521004213/p,Chocolate con leche Lindt Lindor 100 g.,"2,69 €",,"26,90 €/kg",,La Despensa,Dulce,Bombones y Chocolates,https://static.carrefour.es/hd_510x_/img_pim_food/020317_00_1.jpg
https://www.carrefour.es/supermercado/queso-kiri-natural-216-g/R-521030610/p,Queso Kiri natural 216 g.,"5,19 €",,"24,03 €/kg",,Productos Frescos,Quesos,Fundidos,https://static.carrefour.es/hd_510x_/img_pim_food/090611_00_1.jpg
https://www.carrefour.es/supermercado/chocolate-con-caramelo-y-cacahuetes-crujientes-milka-90-g/R-prod1140301/p,Chocolate con caramelo y cacahuetes crujientes Milka 90 g.,"1,73 €",,"19,22 €/kg",,La Despensa,Dulce,Bombones y Chocolates,https://static.carrefour.es/hd_510x_/img_pim_food/199989_00_1.jpg
https://www.carrefour.es/supermercado/kefir-liquido-natural-nestle-pack-de-6-unidades-de-100-g/R-fprod1490097/p,Kéfir líquido natural Nestlé pack de 6 unidades de 100 g.,"3,05 €",,"5,08 €/kg",,La Despensa,Yogures y Postres,Yogur Natural y Sabores,https://static.carrefour.es/hd_510x_/img_pim_food/415409_00_1.jpg
https://www.carrefour.es/supermercado/reganas-con-sesamo-y-aceite-de-oliva-virgen-extra-carrefour-250-g/R-prod930222/p,Regañás con sésamo y aceite de oliva virgen extra Carrefour 250 g.,"1,10 €",,"4,40 €/kg",,La Despensa,"Panaderia, Bollería y Pastelería","Colines, picos y crakers",https://static.carrefour.es/hd_510x_/img_pim_food/046201_00_1.jpg
https://www.carrefour.es/supermercado/zumo-de-pina-manzana-y-uva-don-simon-pack-de-6-briks-de-20-cl/R-520660832/p,"Zumo de piña, manzana y uva Don Simón pack de 6 briks de 20 cl.","2,19 €",,"1,82 €/l",,Bebidas,Aguas y Zumos,Zumos no Refrigerados,https://static.carrefour.es/hd_510x_/img_pim_food/501004_00_1.jpg
https://www.carrefour.es/supermercado/pizza-prosciutto-carrefour-330-g/R-prod600094/p,Pizza prosciutto Carrefour 330 g.,"2,06 €",,"6,24 €/kg",,Congelados,Pizzas Congeladas,,https://static.carrefour.es/hd_510x_/img_pim_food/841122_00_1.jpg
https://www.carrefour.es/supermercado/vino-mayor-de-castilla-do-ribera-del-duero-roble-caja-de-6-botellas-de-75-cl/R-prod410574/p,Vino Mayor de Castilla D.O. Ribera del Duero Roble caja de 6 botellas de 75 cl.,"25,60 €",,"25,60 €/ud",,Bebidas,Vinos,Tinto,https://static.carrefour.es/hd_510x_/img_pim_food/187978_00_1.jpg
https://www.carrefour.es/supermercado/te-classic-en-bolsitas-hornimans-100-ud/R-521028978/p,Té Classic en bolsitas Hornimans 100 ud.,"7,65 €",,"43,71 €/kg",,La Despensa,Desayuno,Infusiones y Tés,https://static.carrefour.es/hd_510x_/img_pim_food/001729_00_1.jpg
https://www.carrefour.es/supermercado/pinones-ecologicos-carrefour-granel-100-g/R-prod270600/p,Piñones ecológicos Carrefour granel 100 g,"7,13 €",,"71,30 €/kg",,La Despensa,Aperitivos,Frutos Secos,https://static.carrefour.es/hd_510x_/img_pim_food/298212_00_1.jpg
https://www.carrefour.es/supermercado/batido-de-vanilla-okey-botella-750-ml/R-664810662/p,Batido de vanilla Okey botella 750 ml.,"1,95 €",,"2,60 €/l",,La Despensa,Lácteos,Batidos y Horchatas,https://static.carrefour.es/hd_510x_/img_pim_food/007209_00_1.jpg
https://www.carrefour.es/supermercado/nestea-te-negro-con-limon-sin-azucar-lata-33-cl/R-520660680/p,Nestea té negro con limón sin azúcar lata 33 cl.,"1,08 €","0,89 €","3,27 €/l
- 8,64 €/8 uds.","2,70 €/l
- 7,12 €/8 uds.",Bebidas,Refrescos,Sabores sin Gas,https://static.carrefour.es/hd_510x_/img_pim_food/000091_00_1.jpg
https://www.carrefour.es/supermercado/bizcocho-recubierto-de-frambuesa-y-chocolate-pims-fontaneda-150-g/R-521002872/p,Bizcocho recubierto de frambuesa y chocolate Pims Fontaneda 150 g.,"3,25 €",,"21,67 €/kg",,La Despensa,Desayuno,Galletas,https://static.carrefour.es/hd_510x_/img_pim_food/498779_00_1.jpg
https://www.carrefour.es/supermercado/chocolate-negro-80-cacao-ecuador-ecologico-carrefour-bio-100-g/R-VC4AECOMM-035167/p,Chocolate negro 80% cacao Ecuador ecológico Carrefour Bio 100 g.,"1,99 €",,"19,90 €/kg",,La Despensa,Dulce,Bombones y Chocolates,https://static.carrefour.es/hd_510x_/img_pim_food/035167_00_1.jpg
https://www.carrefour.es/supermercado/cafe-solubre-descafeinado-nescafe-classic-rellena-doy-pack-275-g/R-VC4AECOMM-254919/p,Café solubre descafeinado Nescafé Classic Rellena doy pack 275 g.,"9,05 €",,"32,91 €/kg",,La Despensa,Desayuno,Cafés,https://static.carrefour.es/hd_510x_/img_pim_food/254919_00_1.jpg
https://www.carrefour.es/supermercado/bocas-y-pechos-cocidos-carrefour-540-g/R-577501581/p,Bocas y pechos cocidos Carrefour 540 g.,"12,39 €",,"22,94 €/kg",,Congelados,Mariscos Congelados,,https://static.carrefour.es/hd_510x_/img_pim_food/287109_00_1.jpg
https://www.carrefour.es/supermercado/crema-autobrillante-c-aplicador-canela-carrefour-50-ml/R-600805225/p,Crema autobrillante c/aplicador canela Carrefour 50 ml.,"2,09 €",,"41,80 €/l",,Limpieza y Hogar,Calzado,Crema,https://static.carrefour.es/hd_510x_/img_pim_food/360585_00_1.jpg
https://www.carrefour.es/supermercado/doritos-tex-mex-140-g/R-VC4AECOMM-627395/p,Doritos Tex Mex 140 g.,"2,05 €",,"14,64 €/kg",,La Despensa,Aperitivos,Snacks,https://static.carrefour.es/hd_510x_/img_pim_food/627395_00_1.jpg
https://www.carrefour.es/supermercado/cafe-en-grano-mezcla-carrefour-1-kg/R-521029028/p,Café en grano mezcla Carrefour 1 kg.,"9,35 €",,"9,35 €/kg",,La Despensa,Desayuno,Cafés,https://static.carrefour.es/hd_510x_/img_pim_food/236791_00_1.jpg
https://www.carrefour.es/supermercado/gaseosa-carrefour-calssic-cero-azucares-botella-50-cl/R-520660420/p,Gaseosa Carrefour Calssic´ cero azúcares botella 50 cl.,"0,32 €",,"0,64 €/l",,Bebidas,Refrescos,Gaseosa,https://static.carrefour.es/hd_510x_/img_pim_food/440911_00_1.jpg
https://www.carrefour.es/supermercado/spray-limpia-gafas-y-pantallas-fami-30-ml/R-VC4AECOMM-496545/p,Spray limpia gafas y pantallas Fami 30 ml.,"3,09 €",,"10,30 €/100ml",,Limpieza y Hogar,Papel y Celulosa,Toallitas Gafas,https://static.carrefour.es/hd_510x_/img_pim_food/496545_00_1.jpg
https://www.carrefour.es/supermercado/tofu-natural-ecologico-soria-natural-sin-gluten-250-g/R-544101732/p,Tofu natural ecológico Soria Natural sin gluten 250 g.,"2,35 €",,"9,40 €/kg",,La Despensa,"Conservas, Sopas y Precocinados",Platos Preparados,https://static.carrefour.es/hd_510x_/img_pim_food/161651_00_1.jpg
https://www.carrefour.es/supermercado/tinte-retoca-raices-spray-instantaneo-castano-magic-retouch-loreal-paris-75-ml/R-VC4AECOMM-314559/p,Tinte retoca raíces spray instantáneo castaño Magic Retouch L'Oreal Paris 75 ml.,"6,40 €",,"6,40 €/ud",,Perfumería e Higiene,Cabello,Tinte,https://static.carrefour.es/hd_510x_/img_pim_food/314559_00_1.jpg
https://www.carrefour.es/supermercado/pulpo-cocido-troceado-congelado-carrefour-285-g/R-VC4AECOMM-526231/p,Pulpo cocido troceado congelado Carrefour 285 g.,"9,95 €",,"34,91 €/kg",,Congelados,"Pulpo, Calamar y Sepia Congelados",,https://static.carrefour.es/hd_510x_/img_pim_food/526231_00_1.jpg
https://www.carrefour.es/supermercado/pannini-atun-dr-oetker-250-g/R-521034235/p,Pannini atún Dr. Oetker 250 g.,"3,35 €",,"13,40 €/kg",,Congelados,Pizzas Congeladas,,https://static.carrefour.es/hd_510x_/img_pim_food/412803_00_1.jpg
https://www.carrefour.es/supermercado/colgante-wc-tropical-power-carrefour-expert-2-ud/R-VC4AECOMM-052589/p,Colgante WC tropical power Carrefour Expert 2 ud.,"1,81 €",,"0,90 €/ud",,Limpieza y Hogar,Productos para Baño,WC,https://static.carrefour.es/hd_510x_/img_pim_food/052589_00_1.jpg
https://www.carrefour.es/supermercado/salsa-teriyaki-king-tiger-botella-250-ml/R-fprod1320082/p,Salsa Teriyaki King Tiger botella 250 ml.,"2,35 €",,"9,40 €/l",,La Despensa,Alimentación,Salsas y Tomate Frito,https://static.carrefour.es/hd_510x_/img_pim_food/334188_00_1.jpg
https://www.carrefour.es/supermercado/agua-micelar-efecto-peeling-garnier-skin-active-400-ml/R-VC4AECOMM-471524/p,Agua micelar efecto peeling Garnier Skin Active 400 ml.,"5,95 €",,"1,49 €/100ml",,Perfumería e Higiene,Cuidado y Protección Corporal,Limpieza Facial,https://static.carrefour.es/hd_510x_/img_pim_food/471524_00_1.jpg
https://www.carrefour.es/supermercado/agua-mineral-natural-nestle-aquarel-tapon-deportivo-75-cl/R-prod1120656/p,Agua mineral natural Nestlé Aquarel tapón deportivo 75 cl.,"0,76 €",,"1,01 €/l",,Bebidas,Aguas y Zumos,"Agua hasta 0,75 litros",https://static.carrefour.es/hd_510x_/img_pim_food/175044_00_1.jpg
https://www.carrefour.es/supermercado/pate-de-jamon-casa-tarradellas-sin-gluten-125-g/R-521006618/p,Paté de jamón Casa Tarradellas sin gluten 125 g.,"1,25 €",,"10,00 €/kg",,Productos Frescos,Charcutería,"Foie, Patés y Sobrasadas",https://static.carrefour.es/hd_510x_/img_pim_food/030765_00_1.jpg
https://www.carrefour.es/supermercado/whisky-tamnavulin-escoces-70-cl/R-prod68274/p,Tamnavulin Whisky,"26,30 €",,"37,57 €/l",,Bebidas,Alcoholes,Whisky y Bourbon,https://static.carrefour.es/hd_510x_/img_pim_food/207278_00_1.jpg
https://www.carrefour.es/supermercado/patatas-alioli-carrefour-250-g/R-prod224942/p,Patatas alioli Carrefour 250 g.,"1,55 €",,"6,20 €/kg",,La Despensa,"Conservas, Sopas y Precocinados",Platos Preparados,https://static.carrefour.es/hd_510x_/img_pim_food/277291_00_1.jpg
https://www.carrefour.es/supermercado/helado-de-tarta-de-queso-con-fresa-sensation-carrefour-300-g/R-VC4AECOMM-023909/p,Helado de tarta de queso con fresa Sensation Carrefour 300 g.,"2,65 €",,"8,83 €/kg",,Congelados,Helados,Tarrinas,https://static.carrefour.es/hd_510x_/img_pim_food/023909_00_1.jpg
https://www.carrefour.es/supermercado/cardo-mariano-en-comprimidos-sanon-sin-gluten-100-ud/R-595501969/p,Cardo Mariano en comprimidos Sanon sin gluten 100 ud.,"6,79 €",,"13,58 €/100g",,Parafarmacia,Nutrición y Dietética,Tratamientos Naturales,https://static.carrefour.es/hd_510x_/img_pim_food/351203_00_1.jpg
https://www.carrefour.es/supermercado/cerveza-carrefour-radler-con-limon-lata-33-cl/R-fprod1480062/p,Cerveza Carrefour Radler con limón lata 33 cl,"0,40 €",,"1,21 €/l
- 2,40 €/6 uds.",,Bebidas,Cerveza,Todas las Cervezas,https://static.carrefour.es/hd_510x_/img_pim_food/410268_00_1.jpg
https://www.carrefour.es/supermercado/panales-premium-ultra-protect-carrefour-baby-t3-4kg-9kg-44-ud/R-prod971900/p,Pañales premium ultra protect Carrefour Baby T3 (4kg.-9kg.) 44 ud.,"17,89 €",,"0,38 €/ud",,Bebé,Pañales y Toallitas,Pañales Carrefour Baby,https://static.carrefour.es/hd_510x_/img_pim_food/071161_00_1.jpg
https://www.carrefour.es/supermercado/boletus-en-aceite-de-oliva-de-nuestra-tierra-230-g/R-fprod1370279/p,Boletus en aceite de oliva De nuestra tierra 230 g.,"6,89 €",,"38,28 €/kg",,La Despensa,"Conservas, Sopas y Precocinados",Conservas de Vegetales,https://static.carrefour.es/hd_510x_/img_pim_food/516544_00_1.jpg
https://www.carrefour.es/supermercado/desodorante-roll-on-flor-de-tiare-y-monoi-carrefour-soft-50-ml/R-VC4AECOMM-668794/p,Desodorante roll-on flor de tiaré y monoi Carrefour soft 50 ml.,"0,85 €",,"1,70 €/100ml",,Perfumería e Higiene,Baño e Higiene Corporal,Desodorantes,https://static.carrefour.es/hd_510x_/img_pim_food/668794_00_1.jpg
https://www.carrefour.es/supermercado/picos-integrales-con-aceite-de-oliva-y-ajonjoli-el-mercado-carrefour-240-g/R-789919964/p,Picos integrales con aceite de oliva y ajonjolí El Mercado Carrefour 240 g,"1,59 €",,"6,63 €/kg",,La Despensa,"Panaderia, Bollería y Pastelería","Colines, picos y crakers",https://static.carrefour.es/hd_510x_/img_pim_food/885589_00_1.jpg
https://www.carrefour.es/supermercado/after-shave-gel-aloe-vera-carrefour-men-400-ml/R-VC4AECOMM-139147/p,After shave gel aloe vera Carrefour Men 400 ml.,"5,05 €",,"1,26 €/100ml",,Perfumería e Higiene,Depilación y Afeitado,After Shave,https://static.carrefour.es/hd_510x_/img_pim_food/139147_00_1.jpg
https://www.carrefour.es/supermercado/copos-de-avena-solubles-con-cacao-natural-sin-azucar-anadido-cola-cao-avenacao-300-g/R-prod61415/p,Copos de avena solubles con cacao natural sin azúcar añadido Cola Cao Avenacao 300 g,"4,89 €",,"16,30 €/kg",,La Despensa,Desayuno,Cacaos y Cereales Solubles,https://static.carrefour.es/hd_510x_/img_pim_food/208297_00_1.jpg
https://www.carrefour.es/supermercado/limpiacristales-con-brillo-protector-luminia-750-ml/R-551302843/p,Limpiacristales con brillo protector Luminia 750 ml.,"2,89 €",,"3,85 €/l",,Limpieza y Hogar,Productos para toda la casa,Limpiacristales y Multiusos,https://static.carrefour.es/hd_510x_/img_pim_food/028464_00_1.jpg
https://www.carrefour.es/supermercado/rucula-carrefour-el-mercado-50-g/R-757834489/p,Rúcula Carrefour El Mercado 50 g,"0,76 €",,"15,20 €/kg",,Productos Frescos,Verduras y hortalizas,Ensaladas y Verduras Preparadas,https://static.carrefour.es/hd_510x_/img_pim_food/766809_00_1.jpg
https://www.carrefour.es/supermercado/espinacas-a-a-la-crema-findus-450-g/R-521034964/p,Espinacas a a la crema Findus 450 g.,"4,35 €",,"9,67 €/kg",,Congelados,Verduras Congeladas,,https://static.carrefour.es/hd_510x_/img_pim_food/578748_00_1.jpg
https://www.carrefour.es/supermercado/berberecho-fresco-500-g/R-645501804/p,Berberecho fresco 500 g,"5,95 €",,"11,90 €/kg",,Productos Frescos,Pescadería,"Marisco, Almejas y Mejillones",https://static.carrefour.es/hd_510x_/img_pim_food/815743_00_1.jpg
https://www.carrefour.es/supermercado/zumo-de-fruta-y-leche-don-simon-caribe-pack-de-6-briks-de-20-cl/R-fprod1190590/p,Zumo de fruta y leche Don Simón Caribe pack de 6 briks de 20 cl.,"1,50 €",,"1,25 €/l",,Bebidas,Aguas y Zumos,Zumos no Refrigerados,https://static.carrefour.es/hd_510x_/img_pim_food/150236_00_1.jpg
https://www.carrefour.es/supermercado/jamon-de-cebo-de-campo-iberico-50-raza-iberica-en-lonchas-ibersierra-sin-gluten-y-sin-lactosa-100-g/R-VC4AECOMM-032303/p,Jamón de Cebo de Campo Ibérico 50% Raza Ibérica en lonchas Ibersierra sin gluten y sin lactosa 100 g,"7,95 €",,"79,50 €/kg",,Productos Frescos,Charcutería,Jamón Serrano e Ibérico Envasado,https://static.carrefour.es/hd_510x_/img_pim_food/032303_00_1.jpg
https://www.carrefour.es/supermercado/helices-de-garbanzo-gallo-nature-sin-gluten-250-g/R-VC4AECOMM-639918/p,Hélices de garbanzo Gallo Nature sin gluten 250 g.,"1,99 €",,"7,96 €/kg",,La Despensa,Alimentación,Pastas,https://static.carrefour.es/hd_510x_/img_pim_food/639918_00_1.jpg
https://www.carrefour.es/supermercado/aposito-liquido-mimetik-beter-15-g/R-VC4AECOMM-640927/p,"Apósito líquido Mimetik Beter 1,5 g.","4,45 €",,"4,45 €/ud",,Parafarmacia,Botiquín,Apósitos y Gasas,https://static.carrefour.es/hd_510x_/img_pim_food/640927_00_1.jpg
https://www.carrefour.es/supermercado/gafa-presbicia-cuadrada-circular-200-colores-varios-1-ud/R-prod65306/p,Gafa presbicia cuadrada circular +2.00 colores varios 1 ud.,"15,35 €",,"15,35 €/ud",,Parafarmacia,Botiquín,Lentillas y Sueros,https://static.carrefour.es/hd_510x_/img_pim_food/039150_00_1.jpg
https://www.carrefour.es/supermercado/dentifrico-blanqueador-max-white-expert-original-colgate-75-ml/R-810189276/p,Dentífrico blanqueador Max White Expert Original Colgate 75 ml.,"5,29 €",,"7,05 €/100ml",,Perfumería e Higiene,Boca y Sonrisa,Dentífricos,https://static.carrefour.es/hd_510x_/img_pim_food/927311_00_1.jpg
https://www.carrefour.es/supermercado/galletas-con-cereales-vitaminas-y-calcio-mini-tosta-rica-cuetara-240-g/R-541301752/p,"Galletas con cereales, vitaminas y calcio Mini Tosta Rica Cuétara 240 g.","2,99 €",,"12,46 €/kg",,La Despensa,Desayuno,Galletas,https://static.carrefour.es/hd_510x_/img_pim_food/215586_00_1.jpg
https://www.carrefour.es/supermercado/whisky-johnnie-walker-70-cl/R-521028338/p,Johnnie Walker Black Label Whisky,"28,90 €",,"41,29 €/l",,Bebidas,Alcoholes,Whisky y Bourbon,https://static.carrefour.es/hd_510x_/img_pim_food/000304_00_1.jpg
https://www.carrefour.es/supermercado/aperitivo-de-vermut-la-casera-lata-33-cl/R-VC4AECOMM-171091/p,Aperitivo de vermut La Casera lata 33 cl.,"1,50 €",,"4,55 €/l",,Bebidas,Ofertas en Bebidas,,https://static.carrefour.es/hd_510x_/img_pim_food/171091_00_1.jpg
https://www.carrefour.es/supermercado/papel-de-cocina-tornado-azul-foxy-1-rollo/R-671106459/p,Papel de cocina Tornado Azul Foxy 1 rollo.,"6,09 €",,"6,09 €/ud",,Limpieza y Hogar,Papel y Celulosa,Papel Cocina y Multiusos,https://static.carrefour.es/hd_510x_/img_pim_food/334577_00_1.jpg
https://www.carrefour.es/supermercado/ravioli-de-ricotta-y-espinacas-al-huevo-carrefour-250-g/R-prod500137/p,Ravioli de ricotta y espinacas al huevo Carrefour 250 g.,"1,76 €",,"7,04 €/kg",,La Despensa,"Conservas, Sopas y Precocinados",Platos Preparados,https://static.carrefour.es/hd_510x_/img_pim_food/831739_00_1.jpg
https://www.carrefour.es/supermercado/perejil-carrefour-10-g/R-prod710300/p,Perejil Carrefour 10 g.,"0,49 €",,"49,00 €/kg",,La Despensa,Alimentación,Especias y Sazonadores,https://static.carrefour.es/hd_510x_/img_pim_food/851268_00_1.jpg
https://www.carrefour.es/supermercado/set-cepillo-vileda-universal/R-fprod1360363/p,Set Cepillo VILEDA Universal,"10,29 €",,"10,29 €/ud",,Limpieza y Hogar,Utensilios de Limpieza,"Escobas, Mopas y Recogedores",https://static.carrefour.es/hd_510x_/img_pim_food/342533_00_1.jpg
https://www.carrefour.es/supermercado/fuze-tea-sabor-melocoton-y-hibisco-botella-15-l/R-VC4AECOMM-416938/p,"Fuze Tea sabor melocotón y hibisco botella 1,5 l.","2,15 €",,"1,43 €/l",,Bebidas,Refrescos,Té,https://static.carrefour.es/hd_510x_/img_pim_food/416938_00_1.jpg
https://www.carrefour.es/supermercado/mejillon-tigre-relleno-congelado-carrefour-400-g/R-658001654/p,Mejillón tigre relleno congelado Carrefour 400 g,"2,60 €",,"6,50 €/kg",,Productos Frescos,Pescadería,Preparados y elaborados de Pescado y Marisco,https://static.carrefour.es/hd_510x_/img_pim_food/310328_00_1.jpg
https://www.carrefour.es/supermercado/mix-de-frutos-secos-ecologicos-carrefour-bio-125-g/R-VC4AECOMM-464841/p,Mix de frutos secos ecológicos Carrefour Bio 125 g.,"2,15 €",,"17,20 €/kg",,La Despensa,Aperitivos,Frutos Secos,https://static.carrefour.es/hd_510x_/img_pim_food/464841_00_1.jpg
https://www.carrefour.es/supermercado/aloe-vera-ecologico-carrefour-bio-250-g/R-prod620295/p,Aloe vera ecológico Carrefour Bio 250 g,"1,93 €",,"1,93 €/ud",,Productos Frescos,Verduras y hortalizas,Hierbas Aromáticas y especias,https://static.carrefour.es/hd_510x_/img_pim_food/841843_00_1.jpg
https://www.carrefour.es/supermercado/pre-champu-rescate-reparacion-fibra-capilar-elvive-bond-repair-loreal-paris-200-ml/R-VC4AECOMM-154130/p,Pre-champú rescate reparación fibra capilar Elvive Bond Repair L'Oréal Paris 200 ml.,"10,19 €",,"5,09 €/100ml",,Perfumería e Higiene,Cabello,Champús,https://static.carrefour.es/hd_510x_/img_pim_food/154130_00_1.jpg
https://www.carrefour.es/supermercado/gel-de-ducha-dermo-aceite-hidratante-para-piel-normal-seca-cuidado-experto-sanex-600-ml/R-VC4AECOMM-624140/p,Gel de ducha dermo aceite hidratante para piel normal-seca Cuidado Experto Sanex 600 ml.,"3,59 €",,"0,60 €/100ml",,Perfumería e Higiene,Baño e Higiene Corporal,Geles de Baño,https://static.carrefour.es/hd_510x_/img_pim_food/624140_00_1.jpg
https://www.carrefour.es/supermercado/vino-espumanti-blanco-sandara-75-cl/R-772305176/p,Sandara Blanco Espumoso,"6,79 €",,"6,79 €/ud",,Bebidas,Vinos,Blanco,https://static.carrefour.es/hd_510x_/img_pim_food/779794_00_1.jpg
https://www.carrefour.es/supermercado/tila-en-bolsitas-carrefour-50-ud/R-prod690029/p,Tila en bolsitas Carrefour 50 ud.,"2,15 €",,"35,83 €/kg",,La Despensa,Desayuno,Infusiones y Tés,https://static.carrefour.es/hd_510x_/img_pim_food/847116_00_1.jpg
https://www.carrefour.es/supermercado/cola-de-rape-chino-congelado-800-g/R-fprod1320155/p,Cola de rape chino congelado 800 g,"7,11 €",,"8,89 €/kg",,Congelados,Pescados Congelados,,https://static.carrefour.es/hd_510x_/img_pim_food/334477_00_1.jpg
https://www.carrefour.es/supermercado/queso-fundido-en-porciones-la-vaca-que-rie-sin-gluten-250-g/R-521030596/p,Queso fundido en porciones La Vaca Que Ríe sin gluten 250 g.,"3,15 €",,"12,60 €/kg",,Productos Frescos,Quesos,Fundidos,https://static.carrefour.es/hd_510x_/img_pim_food/002772_00_1.jpg
https://www.carrefour.es/supermercado/preparado-para-hacer-tarta-de-queso-en-polvo-royal-325-g/R-521004434/p,Preparado para hacer tarta de queso en polvo Royal 325 g.,"4,49 €",,"13,82 €/kg",,La Despensa,Dulce,Repostería,https://static.carrefour.es/hd_510x_/img_pim_food/067170_00_1.jpg
https://www.carrefour.es/supermercado/pipas-gigantes-saladas-classic-carrefour-400-g/R-VC4AECOMM-617333/p,Pipas gigantes saladas Classic Carrefour 400 g.,"2,35 €",,"5,87 €/kg",,La Despensa,Aperitivos,Frutos Secos,https://static.carrefour.es/hd_510x_/img_pim_food/617333_00_1.jpg
https://www.carrefour.es/supermercado/preparado-vegetal-de-almendra-y-con-chocolate-carrefour-sensation-pack-de-4-unidades-de-100-g/R-VC4AECOMM-718625/p,Preparado vegetal de almendra y con chocolate Carrefour Sensation pack de 4 unidades de 100 g.,"2,85 €",,"7,12 €/kg",,La Despensa,Yogures y Postres,Vegetal,https://static.carrefour.es/hd_510x_/img_pim_food/718625_00_1.jpg
https://www.carrefour.es/supermercado/tinte-retoca-raices-spray-instantaneo-rubio-oscuro-color-retouch-science-les-cosmetiques-75-ml/R-VC4AECOMM-013766/p,Tinte retoca raíces spray instantáneo rubio oscuro Color Retouch Science Les Cosmétiques 75 ml.,"4,89 €",,"6,52 €/100ml",,Perfumería e Higiene,Cabello,Tinte,https://static.carrefour.es/hd_510x_/img_pim_food/013766_00_1.jpg
https://www.carrefour.es/supermercado/bolsas-de-basura-lavanda-plastico-reciclado-carrefour-essential-30-l-20-ud/R-VC4AECOMM-448062/p,Bolsas de Basura Lavanda Plástico Reciclado CARREFOUR Essential 30 l. 20 ud,"1,60 €",,"0,08 €/ud",,Limpieza y Hogar,Utensilios de Limpieza,Bolsas de Basura,https://static.carrefour.es/hd_510x_/img_pim_food/448062_00_1.jpg
https://www.carrefour.es/supermercado/set-de-2-estropajos-laminados-scotch-brite-classic/R-823608229/p,Set de 2 Estropajos Laminados SCOTCH BRITE Classic,"2,79 €",,"1,39 €/ud",,Limpieza y Hogar,Utensilios de Limpieza,Estropajos,https://static.carrefour.es/hd_510x_/img_pim_food/591981_00_1.jpg
https://www.carrefour.es/supermercado/queso-rallado-filatto-especial-pasta-el-caserio-80-g/R-VC4AECOMM-167044/p,Queso rallado filatto especial pasta El Caserío 80 g.,"1,42 €",,"17,75 €/kg",,Productos Frescos,Quesos,Todos los Quesos,https://static.carrefour.es/hd_510x_/img_pim_food/167044_00_1.jpg
https://www.carrefour.es/supermercado/limpiador-higiene-total-gel-banos-sanytol-12-l/R-VC4AECOMM-387028/p,"Limpiador higiene total gel baños Sanytol 1,2 l.","4,75 €",,"3,96 €/l",,Limpieza y Hogar,Productos para Baño,Limpiadores Baño,https://static.carrefour.es/hd_510x_/img_pim_food/387028_00_1.jpg
https://www.carrefour.es/supermercado/cerveza-rubia-heineken-lager-pack-de-18-latas-de-33-cl/R-725713177/p,Cerveza rubia Heineken Lager pack de 18 latas de 33 cl.,"14,79 €",,"2,49 €/l",,Bebidas,Cerveza,Todas las Cervezas,https://static.carrefour.es/hd_510x_/img_pim_food/516671_00_1.jpg
https://www.carrefour.es/supermercado/leche-desmaquillante-suave-con-extracto-de-alga-para-todo-tipo-de-pieles-ecologica-nectar-of-bio-200-ml/R-VC4AECOMM-477967/p,Leche desmaquillante suave con extracto de alga para todo tipo de pieles ecológica Nectar Of Bio 200 ml.,"2,99 €",,"1,49 €/100ml",,Perfumería e Higiene,Cuidado y Protección Corporal,Limpieza Facial,https://static.carrefour.es/hd_510x_/img_pim_food/477967_00_1.jpg
https://www.carrefour.es/supermercado/alubia-blanca-ecologica-pedro-luis-250-g/R-prod100056/p,Alubia blanca ecológica Pedro Luis 250 g.,"2,09 €",,"8,36 €/kg",,La Despensa,Alimentación,Legumbres,https://static.carrefour.es/hd_510x_/img_pim_food/223764_00_1.jpg
https://www.carrefour.es/supermercado/cereales-con-chocolate-fibra-carrefour-500-g/R-521003349/p,Cereales con chocolate Fibra Carrefour 500 g.,"2,25 €",,"4,50 €/kg",,La Despensa,Desayuno,Cereales,https://static.carrefour.es/hd_510x_/img_pim_food/668072_00_1.jpg
https://www.carrefour.es/supermercado/cava-jaume-serra-brut-nature-75-cl/R-521009214/p,Jaume Serra Cava,"3,95 €",,"3,95 €/ud",,,,,https://static.carrefour.es/hd_510x_/img_pim_food/121300_00_1.jpg
https://www.carrefour.es/supermercado/champu-hidratacion-y-brillo-pro-v-miracles-pantene-250-ml/R-VC4AECOMM-312383/p,Champú Hidratación y Brillo Pro-V Miracles Pantene 250 ml.,"5,65 €",,"2,26 €/100ml",,Perfumería e Higiene,Cabello,Champús,https://static.carrefour.es/hd_510x_/img_pim_food/312383_00_1.jpg
https://www.carrefour.es/supermercado/calamares-en-salsa-americana-albo-pack-de-3-unidades-de-50-g/R-VC4AECOMM-544705/p,Calamares en salsa americana Albo pack de 3 unidades de 50 g.,"7,89 €",,"52,60 €/kg",,La Despensa,"Conservas, Sopas y Precocinados",Conservas de Pescado y Marisco,https://static.carrefour.es/hd_510x_/img_pim_food/544705_00_1.jpg
https://www.carrefour.es/supermercado/zumo-de-melocoton-y-uva-ecologico-carrefour-bio-brik-1-l/R-521015875/p,Zumo de melocotón y uva ecológico Carrefour Bio brik 1 l.,"2,39 €",,"2,39 €/l",,Bebidas,Aguas y Zumos,Zumos no Refrigerados,https://static.carrefour.es/hd_510x_/img_pim_food/040659_00_1.jpg
https://www.carrefour.es/supermercado/garbanzos-tostados-y-salados-carrefour-125-g/R-832012860/p,Garbanzos tostados y salados Carrefour 125 g.,"0,99 €",,"7,92 €/kg",,La Despensa,Aperitivos,Frutos Secos,https://static.carrefour.es/hd_510x_/img_pim_food/968044_00_1.jpg
https://www.carrefour.es/supermercado/dentifrico-dientes-fuertes-y-aliento-fresco-fresh-gel-colgate-pack-de-2-unidades-de-75-ml/R-521028449/p,Dentífrico dientes fuertes y aliento fresco Fresh Gel Colgate pack de 2 unidades de 75 ml.,"2,89 €",,"1,93 €/100ml",,Perfumería e Higiene,Boca y Sonrisa,Dentífricos,https://static.carrefour.es/hd_510x_/img_pim_food/624494_00_1.jpg
https://www.carrefour.es/supermercado/cerveza-franziskaner-weissbier-naturtrub-lata-50-cl/R-521028218/p,Cerveza Franziskaner Weissbier Naturtrüb lata 50 cl.,"1,86 €",,"3,72 €/l",,Bebidas,Cerveza,Todas las Cervezas,https://static.carrefour.es/hd_510x_/img_pim_food/101851_00_1.jpg
https://www.carrefour.es/supermercado/guisantes-y-zanahorias-baby-bonduelle-pack-de-3-unidades-de-130-g/R-521013622/p,Guisantes y zanahorias baby Bonduelle pack de 3 unidades de 130 g.,"4,69 €",,"12,03 €/kg",,La Despensa,"Conservas, Sopas y Precocinados",Conservas de Vegetales,https://static.carrefour.es/hd_510x_/img_pim_food/377564_00_1.jpg
https://www.carrefour.es/supermercado/pan-pannier-plus-mediana-300-g/R-prod760139/p,Pan Pannier plus mediana 300 g,"1,32 €",,"4,00 €/kg",,Productos Frescos,Panadería Tradicional,Pan Tradicional,https://static.carrefour.es/hd_510x_/img_pim_food/859573_00_1.jpg
https://www.carrefour.es/supermercado/crema-balsamo-123-mustela-100-ml/R-590507868/p,Crema bálsamo 123 Mustela 100 ml,"9,09 €",,"9,09 €/100ml",,Parafarmacia,Bebé,Anti Irritación,https://static.carrefour.es/hd_510x_/img_pim_food/545913_00_1.jpg
https://www.carrefour.es/supermercado/vino-dulce-san-clemente-1-l/R-520662126/p,Vino dulce San Clemente 1 l.,"6,65 €",,"6,65 €/ud",,,,,https://static.carrefour.es/hd_510x_/img_pim_food/026682_00_1.jpg
https://www.carrefour.es/supermercado/aceite-de-oliva-virgen-extra-coosur-1-l/R-766007074/p,Aceite de oliva virgen extra Coosur 1 l.,"12,49 €",,"12,49 €/l",,La Despensa,Alimentación,Aceites y vinagres,https://static.carrefour.es/hd_510x_/img_pim_food/774146_00_1.jpg
https://www.carrefour.es/supermercado/nuggets-con-queso-recetas-crujientes-la-cocinera-350-g/R-521031513/p,Nuggets con queso Recetas Crujientes La Cocinera 350 g.,"5,09 €",,"14,54 €/kg",,Congelados,Rebozados y Platos Preparados,,https://static.carrefour.es/hd_510x_/img_pim_food/635018_00_1.jpg
https://www.carrefour.es/supermercado/agua-mineral-bezoya-natural-5-l/R-546102598/p,Agua mineral Bezoya natural 5 l.,"2,35 €",,"0,47 €/l",,Bebidas,Aguas y Zumos,Agua de más de 2 litros,https://static.carrefour.es/hd_510x_/img_pim_food/790105_00_1.jpg
https://www.carrefour.es/supermercado/cafe-molido-natural-carrefour-250-g/R-521003000/p,Café molido natural Carrefour 250 g.,"2,09 €",,"8,36 €/kg",,La Despensa,Desayuno,Cafés,https://static.carrefour.es/hd_510x_/img_pim_food/236780_00_1.jpg
https://www.carrefour.es/supermercado/aquarius-sabor-limon-pack-de-9-latas-de-33-cl/R-663801809/p,Aquarius sabor limón pack de 9 latas de 33 cl.,"7,69 €",,"2,59 €/l",,Bebidas,Refrescos,Isotónicas,https://static.carrefour.es/hd_510x_/img_pim_food/316703_00_1.jpg
https://www.carrefour.es/supermercado/caramelos-de-goma-mega-jelly-mix-vidal-sin-gluten-400-g/R-526539051/p,Caramelos de goma Mega Jelly Mix Vidal sin gluten 400 g.,"3,89 €",,"10,81 €/kg",,La Despensa,Dulce,Dulces y Golosinas,https://static.carrefour.es/hd_510x_/img_pim_food/598531_00_1.jpg
https://www.carrefour.es/supermercado/galletas-integrales-de-cereales-y-chocolate-florbu-400-g/R-816214236/p,Galletas integrales de cereales y chocolate Florbú 400 g.,"2,65 €",,"6,62 €/kg",,La Despensa,Desayuno,Galletas,https://static.carrefour.es/hd_510x_/img_pim_food/943844_00_1.jpg
https://www.carrefour.es/supermercado/suavizante-concentrado-nutrive-essential-carrefour-80-lavados/R-VC4AECOMM-371913/p,Suavizante concentrado nutrive Essential Carrefour 80 lavados.,"1,69 €",,"0,02 €/lavado",,Limpieza y Hogar,Cuidado de la Ropa,Suavizantes,https://static.carrefour.es/hd_510x_/img_pim_food/371913_00_1.jpg
https://www.carrefour.es/supermercado/bebida-de-avena-sabor-mango-carrefour-sensation-500-g/R-VC4AECOMM-398886/p,Bebida de avena sabor mango Carrefour Sensation 500 g.,"1,88 €",,"3,76 €/kg",,La Despensa,Lácteos,Bebida Vegetal,https://static.carrefour.es/hd_510x_/img_pim_food/398886_00_1.jpg
https://www.carrefour.es/supermercado/coctel-frutos-secos-crudos-carrefour-tarrina-250-g/R-prod1070703/p,Cóctel frutos secos crudos Carrefour tarrina 250 g,"4,07 €",,"16,28 €/kg",,La Despensa,Aperitivos,Frutos Secos,https://static.carrefour.es/hd_510x_/img_pim_food/142327_00_1.jpg
https://www.carrefour.es/supermercado/bifidus-desnatado-con-trozos-de-fresa-sin-azucar-anadido-carrefour-classic-pack-de-4-unidades-de-125-g/R-VC4AECOMM-550396/p,Bífidus desnatado con trozos de fresa sin azúcar añadido Carrefour Classic pack de 4 unidades de 125 g.,"1,30 €",,"2,60 €/kg",,La Despensa,Yogures y Postres,Bífidus,https://static.carrefour.es/hd_510x_/img_pim_food/550396_00_1.jpg
https://www.carrefour.es/supermercado/gel-champu-my-carrefour-baby-750-ml/R-VC4AECOMM-305915/p,Gel champú My Carrefour Baby 750 ml.,"3,79 €",,"0,51 €/100ml",,Parafarmacia,Bebé,Champú,https://static.carrefour.es/hd_510x_/img_pim_food/305915_00_1.jpg
https://www.carrefour.es/supermercado/chocolate-relleno-de-avellana-schar-sin-gluten-40-g/R-651303599/p,Chocolate relleno de avellana Schär sin gluten 40 g.,"1,52 €",,"38,00 €/kg",,La Despensa,Dulce,Bombones y Chocolates,https://static.carrefour.es/hd_510x_/img_pim_food/815212_00_1.jpg
https://www.carrefour.es/supermercado/leche-fermentada-estilo-griego-bicapa-con-fresa-dhul-sin-gluten-sin-lactosa-pack-de-2-unidades-de-125-g/R-801540533/p,Leche fermentada estilo griego bicapa con fresa Dhul sin gluten sin lactosa pack de 2 unidades de 125 g.,"1,65 €",,"6,60 €/kg",,La Despensa,Yogures y Postres,Yogures Griegos y Enriquecidos,https://static.carrefour.es/hd_510x_/img_pim_food/909945_00_1.jpg
https://www.carrefour.es/supermercado/galleta-cookie-triple-chocolate-1-ud/R-VC4AECOMM-313703/p,Galleta cookie triple chocolate 1 ud.,"1,05 €",,"13,12 €/kg",,Productos Frescos,Panadería Tradicional,Bollería Tradicional,https://static.carrefour.es/hd_510x_/img_pim_food/313703_00_1.jpg
https://www.carrefour.es/supermercado/langostino-fresco-550-g/R-prod971729/p,Langostino fresco 550 g,"8,99 €",,"16,35 €/kg",,Productos Frescos,Pescadería,"Marisco, Almejas y Mejillones",https://static.carrefour.es/hd_510x_/img_pim_food/069057_00_1.jpg
https://www.carrefour.es/supermercado/conos-con-helado-de-nata-y-fresa-con-salsa-de-fresa-carrefour-4-ud/R-prod301649/p,Conos con helado de nata y fresa con salsa de fresa Carrefour 4 ud.,"1,63 €",,"0,41 €/ud",,Congelados,Helados,Conos,https://static.carrefour.es/hd_510x_/img_pim_food/364620_00_1.jpg
https://www.carrefour.es/supermercado/chicles-bubblemint-orbit-sin-azucar-pack-de-4-paquetes-de-14-g/R-766006111/p,Chicles bubblemint Orbit sin azúcar pack de 4 paquetes de 14 g.,"3,69 €",,"65,89 €/kg",,La Despensa,Dulce,Dulces y Golosinas,https://static.carrefour.es/hd_510x_/img_pim_food/774069_00_1.jpg
https://www.carrefour.es/supermercado/coco-rallado-vahine-100-g/R-521004474/p,Coco rallado Vahiné 100 g.,"2,65 €",,"23,04 €/kg",,La Despensa,Dulce,"Siropes, Aromas y Decoración",https://static.carrefour.es/hd_510x_/img_pim_food/039007_00_1.jpg
https://www.carrefour.es/supermercado/espetec-casa-tarradellas-sin-gluten-185-g/R-VC4AECOMM-698147/p,Espetec Casa Tarradellas sin gluten 185 g.,"2,55 €",,"14,17 €/kg",,Productos Frescos,Charcutería,"Salchichón, Salami y Fuet",https://static.carrefour.es/hd_510x_/img_pim_food/698147_00_1.jpg
https://www.carrefour.es/supermercado/perejil-carrefour-60-g/R-prod710284/p,Perejil Carrefour 60 g.,"2,99 €",,"49,83 €/kg",,La Despensa,Alimentación,Especias y Sazonadores,https://static.carrefour.es/hd_510x_/img_pim_food/851261_00_1.jpg
https://www.carrefour.es/supermercado/mini-bombon-helado-caramelo-double-magnum-6-ud/R-VC4AECOMM-161066/p,Mini bombón helado caramelo Double Magnum 6 ud.,"5,99 €",,"1,00 €/ud",,Congelados,Helados,Bombón Helado,https://static.carrefour.es/hd_510x_/img_pim_food/161066_00_1.jpg
https://www.carrefour.es/supermercado/yogur-bebible-alto-en-proteinas-con-toffee-de-cafe-pastoret-sin-gluten-250-g/R-VC4AECOMM-422064/p,Yogur bebible alto en proteínas con toffee de café Pastoret sin gluten 250 g.,"2,95 €",,"11,80 €/kg",,La Despensa,Yogures y Postres,Yogures Líquidos,https://static.carrefour.es/hd_510x_/img_pim_food/422064_00_1.jpg
https://www.carrefour.es/supermercado/salchichon-iberico-de-bellota-loncheado-nico-100-g/R-VC4AECOMM-231852/p,Salchichón ibérico de bellota loncheado Nico 100 g,"3,65 €",,"36,50 €/kg",,Productos Frescos,Charcutería,"Salchichón, Salami y Fuet",https://static.carrefour.es/hd_510x_/img_pim_food/231852_00_1.jpg
https://www.carrefour.es/supermercado/cafe-en-grano-natural-carrefour-500-g/R-521002948/p,Café en grano natural Carrefour 500 g.,"4,75 €",,"9,50 €/kg",,La Despensa,Desayuno,Cafés,https://static.carrefour.es/hd_510x_/img_pim_food/236777_00_1.jpg
https://www.carrefour.es/supermercado/dunkin-pack-de-4-berlinas/R-VC4AECOMM-634808/p,Dunkin Pack de 4 Berlinas,"5,65 €",,"17,88 €/kg",,Productos Frescos,Panadería Tradicional,Bollería Tradicional,https://static.carrefour.es/hd_510x_/img_pim_food/634808_00_1.jpg
https://www.carrefour.es/supermercado/harina-de-trigo-de-fuerza-santa-rita-1-kg/R-VC4AECOMM-170313/p,Harina de trigo de fuerza Santa Rita 1 kg.,"1,61 €",,"1,61 €/kg",,La Despensa,Alimentación,Harinas y Levaduras,https://static.carrefour.es/hd_510x_/img_pim_food/170313_00_1.jpg
https://www.carrefour.es/supermercado/cafe-colombia-en-capsulas-lor-espresso-compatible-con-nespresso-40-unidades-de-52-g/R-VC4AECOMM-486809/p,"Café Colombia en cápsulas L'or Espresso compatible con Nespresso 40 unidades de 5,2 g.","14,89 €",,"71,59 €/kg",,La Despensa,Desayuno,Cafés,https://static.carrefour.es/hd_510x_/img_pim_food/486809_00_1.jpg
https://www.carrefour.es/supermercado/patatas-fritas-ruffles-160-g/R-VC4AECOMM-593724/p,Patatas fritas Ruffles 160 g.,"2,15 €",,"13,44 €/kg",,La Despensa,Aperitivos,Patatas Fritas,https://static.carrefour.es/hd_510x_/img_pim_food/593724_00_1.jpg
https://www.carrefour.es/supermercado/cerveza-mahou-sin-filtrar-botella-33-cl/R-VC4AECOMM-374660/p,Cerveza Mahou sin filtrar botella 33 cl.,"1,10 €",,"3,33 €/l",,Bebidas,Cerveza,Todas las Cervezas,https://static.carrefour.es/hd_510x_/img_pim_food/374660_00_1.jpg
https://www.carrefour.es/supermercado/chorizo-jabuguitos-100-iberico-de-bellota-sanchez-romero-carvajal-sin-gluten-245-g/R-573101495/p,Chorizo jabuguitos 100% ibérico de bellota Sánchez Romero Carvajal sin gluten 245 g,"6,65 €",,"25,58 €/kg",,Productos Frescos,Charcutería,"Chorizo, Lomo y Otros",https://static.carrefour.es/hd_510x_/img_pim_food/104598_00_1.jpg
https://www.carrefour.es/supermercado/pre-champu-metodo-rizos-garnier-fructis-200-ml/R-VC4AECOMM-316130/p,Pre-Champú método rizos Garnier Fructis 200 ml.,"8,05 €",,"4,03 €/100ml",,Perfumería e Higiene,Cabello,Champús,https://static.carrefour.es/hd_510x_/img_pim_food/316130_00_1.jpg
https://www.carrefour.es/supermercado/filete-de-arenque-marinado-carrefour-el-mercado-170-g/R-830827050/p,Filete de arenque marinado Carrefour El Mercado 170 g,"5,26 €",,"30,94 €/kg",,La Despensa,Aperitivos,Aceitunas y Encurtidos,https://static.carrefour.es/hd_510x_/img_pim_food/966224_00_1.jpg
https://www.carrefour.es/supermercado/cacao-soluble-instantaneo-cola-cao-turbo-375-g/R-521014329/p,Cacao soluble instantáneo Cola Cao Turbo 375 g.,"4,29 €",,"11,44 €/kg",,La Despensa,Desayuno,Cacaos y Cereales Solubles,https://static.carrefour.es/hd_510x_/img_pim_food/371904_00_1.jpg
https://www.carrefour.es/supermercado/neceser-de-cosmeticos-sweet-pretty-idc-institute-1-ud/R-VC4AECOMM-120449/p,Neceser de cosméticos Sweet & Pretty IDC Institute 1 ud.,"3,69 €",,"3,69 €/ud",,Perfumería e Higiene,Cosmética,Estuches de baño y cosmética,https://static.carrefour.es/hd_510x_/img_pim_food/120449_00_1.jpg
https://www.carrefour.es/supermercado/tortas-de-aceite-carrefour-pack-de-6-unidades-de-30-g/R-672907579/p,Tortas de aceite Carrefour pack de 6 unidades de 30 g.,"2,65 €",,"14,72 €/kg",,La Despensa,"Panaderia, Bollería y Pastelería",Bollería,https://static.carrefour.es/hd_510x_/img_pim_food/004262_00_1.jpg
https://www.carrefour.es/supermercado/aceite-de-oliva-virgen-extra-de-nuestra-tierra-1-l/R-797329763/p,Aceite de oliva virgen extra De Nuestra Tierra 1 l.,"13,62 €",,"13,62 €/l",,La Despensa,Alimentación,Aceites y vinagres,https://static.carrefour.es/hd_510x_/img_pim_food/900061_00_1.jpg
https://www.carrefour.es/supermercado/datil-acondicionado-carrefour-tarrina-300-g/R-prod1070713/p,Dátil acondicionado Carrefour tarrina 300 g,"3,05 €",,"10,17 €/kg",,La Despensa,Aperitivos,Frutas Desecadas,https://static.carrefour.es/hd_510x_/img_pim_food/142398_00_1.jpg
https://www.carrefour.es/supermercado/papilla-infantil-desde-6-meses-liquida-nestle-pijama-pack-de-2-unidades-de-250-ml/R-521028956/p,Papilla infantil desde 6 meses líquida Nestlé Pijama pack de 2 unidades de 250 ml.,"2,65 €",,"5,30 €/l",,Bebé,Alimentación infantil,Papillas,https://static.carrefour.es/hd_510x_/img_pim_food/694514_00_1.jpg
https://www.carrefour.es/supermercado/dentifrico-frescor-integral-integral-8-signal-75-ml/R-VC4AECOMM-188978/p,Dentífrico frescor Integral Integral 8 Signal 75 ml.,"2,45 €",,"3,27 €/100ml",,Perfumería e Higiene,Boca y Sonrisa,Dentífricos,https://static.carrefour.es/hd_510x_/img_pim_food/188978_00_1.jpg
https://www.carrefour.es/supermercado/preparado-lacteo-con-almendras-omega-3-puleva-sin-gluten-brik-1-l/R-837306024/p,Preparado lácteo con almendras Omega 3 Puleva sin gluten brik 1 l.,"2,05 €","1,69 €","2,05 €/l","1,69 €/l",La Despensa,Lácteos,Leche,https://static.carrefour.es/hd_510x_/img_pim_food/974741_00_1.jpg
https://www.carrefour.es/supermercado/atun-de-almadraba-en-aceite-de-oliva-tejero-156-g/R-526511019/p,Atún de Almadraba en aceite de oliva Tejero 156 g.,"3,15 €",,"20,19 €/kg",,La Despensa,"Conservas, Sopas y Precocinados",Conservas de Pescado y Marisco,https://static.carrefour.es/hd_510x_/img_pim_food/403967_00_1.jpg
https://www.carrefour.es/supermercado/cafe-latte-cappucino-descafeinado-nescafe-sin-gluten-205-ml/R-prod780605/p,Café latte cappucino descafeinado Nescafé sin gluten 205 ml.,"1,62 €",,"7,90 €/l",,La Despensa,Lácteos,Listo para beber,https://static.carrefour.es/hd_510x_/img_pim_food/989385_00_1.jpg
https://www.carrefour.es/supermercado/braguita-menstrual-flujo-abundante-talla-40-42-protect-dim-1-ud/R-VC4AECOMM-129454/p,Braguita menstrual flujo abundante talla 40-42 Protect Dim 1 ud.,"19,89 €",,"19,89 €/ud",,Perfumería e Higiene,Higiene íntima,Compresas,https://static.carrefour.es/hd_510x_/img_pim_food/129454_00_1.jpg
https://www.carrefour.es/supermercado/vino-rosado-barrica-muga-doca-rioja-75-cl/R-VC4AECOMM-497212/p,Muga 2022,"10,45 €",,"10,45 €/ud",,Bebidas,Vinos,Rosado,https://static.carrefour.es/hd_510x_/img_pim_food/497212_00_1.jpg
https://www.carrefour.es/supermercado/pan-hamburguesa-schar-sin-gluten-y-sin-lactosa-300-g/R-832342913/p,Pan hamburguesa Schär sin gluten y sin lactosa 300 g.,"4,35 €",,"14,50 €/kg",,La Despensa,"Panaderia, Bollería y Pastelería",Pan Perrito y Burguer,https://static.carrefour.es/hd_510x_/img_pim_food/968724_00_1.jpg
https://www.carrefour.es/supermercado/agua-mineral-font-vella-natural-1-l/R-520661033/p,Agua mineral Font Vella natural 1 l.,"0,80 €",,"0,80 €/l
- 4,80 €/6 uds.",,Bebidas,Aguas y Zumos,"Agua de 0,75 a 2 litros",https://static.carrefour.es/hd_510x_/img_pim_food/594321_00_1.jpg
https://www.carrefour.es/supermercado/cacao-soluble-original-cola-cao-pack-de-6-sobres-de-18-g/R-521003234/p,Cacao soluble original Cola Cao pack de 6 sobres de 18 g.,"2,89 €",,"26,76 €/kg",,La Despensa,Desayuno,Cacaos y Cereales Solubles,https://static.carrefour.es/hd_510x_/img_pim_food/029012_00_1.jpg
https://www.carrefour.es/supermercado/champu-purificante-para-cabello-con-tendencia-grasa-con-extracto-de-te-verde-organico-timotei-400-ml/R-665801960/p,Champú purificante para cabello con tendencia grasa con extracto de té verde orgánico Timotei 400 ml.,"3,65 €",,"0,91 €/100ml",,Perfumería e Higiene,Cabello,Champús,https://static.carrefour.es/hd_510x_/img_pim_food/321779_00_1.jpg
https://www.carrefour.es/supermercado/relleno-vegetal-para-sandwich-sabor-hamburguesa-quokka-la-piara-sin-gluten-pack-de-2-unidades-de-75-g/R-VC4AECOMM-694922/p,Relleno vegetal para sándwich sabor hamburguesa Quokka La Piara sin gluten pack de 2 unidades de 75 g.,"3,65 €",,"24,33 €/kg",,Productos Frescos,Charcutería,"Foie, Patés y Sobrasadas",https://static.carrefour.es/hd_510x_/img_pim_food/694922_00_1.jpg
https://www.carrefour.es/supermercado/estofado-de-pavo-adobado-al-ajillo-500-g-aprox/R-VC4AECOMM-269835/p,Estofado de Pavo Adobado al Ajillo 500 g aprox,"3,17 €",,"6,35 €/kg",,Productos Frescos,Carnicería,Aves y Pollo,https://static.carrefour.es/hd_510x_/img_pim_food/269835_00_1.jpg
https://www.carrefour.es/supermercado/filete-1-a-de-cadera-o-babilla-de-anojo-circulo-de-calidad-550-g-aprox/R-prod1070081/p,Filete 1ª A de Cadera o Babilla de Añojo Círculo de Calidad 550 g aprox,"9,29 €","7,12 €","16,89 €/kg","12,95 €/kg",Productos Frescos,Carnicería,Vacuno,https://static.carrefour.es/hd_510x_/img_pim_food/126608_00_1.jpg
https://www.carrefour.es/supermercado/caldo-de-carne-knorr-sin-gluten-24-pastillas/R-527030308/p,Caldo de carne Knorr sin gluten 24 pastillas,"2,89 €",,"12,04 €/kg",,La Despensa,"Conservas, Sopas y Precocinados","Caldos, Sopas y Pure",https://static.carrefour.es/hd_510x_/img_pim_food/002377_00_1.jpg
https://www.carrefour.es/supermercado/detergente-en-polvo-limpieza-profunda-skip-75-lavados/R-VC4AECOMM-094822/p,Detergente en polvo limpieza profunda Skip 75 lavados,"14,25 €",,"0,19 €/lavado",,Limpieza y Hogar,Cuidado de la Ropa,Detergentes,https://static.carrefour.es/hd_510x_/img_pim_food/094822_00_1.jpg
https://www.carrefour.es/supermercado/galletas-chocolate-blanco-rellenas-de-crema-trio-carrefour-classic-2358-g/R-fprod1310004/p,"Galletas chocolate blanco rellenas de crema Trío Carrefour Classic 235,8 g.","1,60 €",,"6,78 €/kg",,La Despensa,Desayuno,Galletas,https://static.carrefour.es/hd_510x_/img_pim_food/333575_00_1.jpg
https://www.carrefour.es/supermercado/hamburguesa-mixta-circulo-de-calidad-300-g/R-VC4AECOMM-427399/p,Hamburguesa mixta Círculo de Calidad 300 g,"3,39 €",,"11,30 €/kg",,Productos Frescos,Carnicería,Hamburguesas,https://static.carrefour.es/hd_510x_/img_pim_food/427399_00_1.jpg
https://www.carrefour.es/supermercado/espuma-rizos-science-les-cosmetiques-200-ml/R-670002021/p,Espuma rizos Science Les Cosmétiques 200 ml.,"1,54 €",,"0,77 €/100ml",,Perfumería e Higiene,Cabello,Fijadores,https://static.carrefour.es/hd_510x_/img_pim_food/331674_00_1.jpg
https://www.carrefour.es/supermercado/mermelada-de-arandanos-cocina-selecta-la-vieja-fabrica-sin-gluten-280-g/R-713621834/p,Mermelada de arándanos Cocina Selecta La Vieja Fábrica sin gluten 280 g.,"2,95 €",,"10,54 €/kg",,La Despensa,Dulce,"Mermeladas, Membrillos y Compotas",https://static.carrefour.es/hd_510x_/img_pim_food/440782_00_1.jpg
https://www.carrefour.es/supermercado/galleta-integral-fibra-active-gullon-560-g/R-521002751/p,Galleta integral Fibra Active Gullón 560 g.,"3,65 €",,"6,52 €/kg",,La Despensa,Desayuno,Galletas,https://static.carrefour.es/hd_510x_/img_pim_food/526955_00_1.jpg
https://www.carrefour.es/supermercado/bacalao-15-kg-aprox/R-531505549/p,"Bacalao 1,5 kg aprox","17,92 €",,,,Productos Frescos,Pescadería,Pescado Fresco,https://static.carrefour.es/hd_510x_/img_pim_food/234919_00_1.jpg
https://www.carrefour.es/supermercado/vino-reymos-espumoso-de-moscatel-75-cl/R-521010395/p,Vino Reymos espumoso de Moscatel 75 cl.,"4,79 €",,"4,79 €/ud",,,,,https://static.carrefour.es/hd_510x_/img_pim_food/384310_00_1.jpg
https://www.carrefour.es/supermercado/palitos-de-bacalao-salado-300-g-aprox/R-VC4AECOMM-627439/p,Palitos de bacalao salado 300 g aprox,"7,87 €",,"26,25 €/kg",,Productos Frescos,Pescadería,Bacalao y Salazones,https://static.carrefour.es/hd_510x_/img_pim_food/627439_00_1.jpg
https://www.carrefour.es/supermercado/schweppes-naranja-zero-lata-33-cl/R-VC4AECOMM-135355/p,Schweppes naranja zero lata 33 cl.,"0,99 €",,"3,00 €/l",,Bebidas,Refrescos,Sabores con Gas,https://static.carrefour.es/hd_510x_/img_pim_food/135355_00_1.jpg
https://www.carrefour.es/supermercado/judias-verdes-planas-cortadas-carrefour-360-g/R-521005920/p,Judías verdes planas cortadas Carrefour 360 g.,"1,25 €",,"3,47 €/kg",,La Despensa,"Conservas, Sopas y Precocinados",Conservas de Vegetales,https://static.carrefour.es/hd_510x_/img_pim_food/357831_00_1.jpg
https://www.carrefour.es/supermercado/yogur-griego-sabor-lima-y-limon-danone-pack-de-4-unidades-de-110-g/R-VC4AECOMM-154963/p,Yogur griego sabor lima y limón Danone pack de 4 unidades de 110 g.,"1,49 €",,"3,39 €/kg",,La Despensa,Yogures y Postres,Yogur Natural y Sabores,https://static.carrefour.es/hd_510x_/img_pim_food/154963_00_1.jpg
https://www.carrefour.es/supermercado/tortitas-de-maiz-sabor-queso-iberico-bicentury-70-g/R-prod730577/p,Tortitas de maíz sabor queso ibérico Bicentury 70 g.,"1,73 €",,"24,71 €/kg",,La Despensa,Aperitivos,Tortitas,https://static.carrefour.es/hd_510x_/img_pim_food/854242_00_1.jpg
https://www.carrefour.es/supermercado/pipas-tijuana-grefusa-175-g/R-VC4AECOMM-302466/p,Pipas Tijuana Grefusa 175 g.,"2,05 €",,"11,71 €/kg",,La Despensa,Aperitivos,Frutos Secos,https://static.carrefour.es/hd_510x_/img_pim_food/302466_00_1.jpg
https://www.carrefour.es/supermercado/bombones-surtidos-lindt-champs-elysees-445-g/R-521004988/p,Bombones surtidos Lindt Champs Élysées 445 g.,"17,49 €",,"37,29 €/kg",,La Despensa,Dulce,Bombones y Chocolates,https://static.carrefour.es/hd_510x_/img_pim_food/512896_00_1.jpg
https://www.carrefour.es/supermercado/esponja-desmaquilladora-100-natural-suavipiel-2-ud/R-804031601/p,Esponja desmaquilladora 100% natural Suavipiel 2 ud.,"1,13 €",,"0,56 €/ud",,Perfumería e Higiene,Cosmética,Accesorios de Maquillaje y Manicura y Pedicura,https://static.carrefour.es/hd_510x_/img_pim_food/902316_00_1.jpg
https://www.carrefour.es/supermercado/vino-rosado-roble-sin-alcohol-natureo-75-cl/R-VC4AECOMM-502452/p,Natureo Rosado 2023,"10,09 €",,"10,09 €/ud",,Bebidas,Vinos,Rosado,https://static.carrefour.es/hd_510x_/img_pim_food/502452_00_1.jpg
https://www.carrefour.es/supermercado/magnesio-en-comprimidos-efervescentes-aquilea-14-comprimidos/R-590508602/p,Magnesio en comprimidos efervescentes Aquilea 14 comprimidos.,"5,25 €",,"6,25 €/100g",,Parafarmacia,Nutrición y Dietética,Complementos Vitamínicos,https://static.carrefour.es/hd_510x_/img_pim_food/553347_00_1.jpg
https://www.carrefour.es/supermercado/banador-panal-agatha-ruiz-de-la-prada-tm-12-kg-11-ud/R-VC4AECOMM-411336/p,Bañador pañal Agatha Ruiz de la Prada TM (+12 kg) 11 ud.,"5,55 €",,"0,50 €/ud",,Bebé,Pañales y Toallitas,Otras Marcas,https://static.carrefour.es/hd_510x_/img_pim_food/411336_00_1.jpg
https://www.carrefour.es/supermercado/desatascador-carrefour/R-VC4AECOMM-675949/p,Desatascador CARREFOUR,"2,39 €",,"2,39 €/ud",,Limpieza y Hogar,Productos para Baño,Desatascadores y limpia tuberías,https://static.carrefour.es/hd_510x_/img_pim_food/675949_00_1.jpg
https://www.carrefour.es/supermercado/vino-blanco-verdejo-cuatro-rayas-do-rueda-75-cl/R-521010336/p,Cuatro Rayas Vendimia Nocturna Verdejo Blanco 2023,"6,09 €",,"6,09 €/ud",,Bebidas,Vinos,Blanco,https://static.carrefour.es/hd_510x_/img_pim_food/033916_00_1.jpg
https://www.carrefour.es/supermercado/champu-neutro-sin-sulfatos-herbal-500-ml/R-prod62009/p,Champú neutro sin sulfatos Herbal 500 ml.,"5,25 €",,"1,05 €/100ml",,Perfumería e Higiene,Cabello,Champús,https://static.carrefour.es/hd_510x_/img_pim_food/060999_00_1.jpg
https://www.carrefour.es/supermercado/kefir-natural-danone-activia-345-g/R-VC4AECOMM-500577/p,Kéfir natural Danone Activia 345 g.,"1,99 €",,"5,77 €/kg",,La Despensa,Yogures y Postres,Bífidus,https://static.carrefour.es/hd_510x_/img_pim_food/500577_00_1.jpg
https://www.carrefour.es/supermercado/refresco-de-manzana-trina-sin-gas-lata-33-cl/R-520660640/p,Refresco de manzana Trina sin gas lata 33 cl.,"0,71 €",,"2,15 €/l",,Bebidas,Refrescos,Sabores sin Gas,https://static.carrefour.es/hd_510x_/img_pim_food/760877_00_1.jpg
https://www.carrefour.es/supermercado/chicles-de-fresa-trident-sin-azucar-56-g/R-521012676/p,Chicles de fresa Trident sin azúcar 56 g.,"2,99 €",,"51,55 €/kg",,La Despensa,Dulce,Dulces y Golosinas,https://static.carrefour.es/hd_510x_/img_pim_food/196885_00_1.jpg
https://www.carrefour.es/supermercado/papel-higienico-humedo-especial-hemorroides-salustar-60-ud/R-VC4AECOMM-167155/p,Papel higiénico húmedo especial hemorroides Salustar 60 ud.,"3,75 €",,"0,06 €/ud",,Limpieza y Hogar,Papel y Celulosa,Papel Higiénico,https://static.carrefour.es/hd_510x_/img_pim_food/167155_00_1.jpg
https://www.carrefour.es/supermercado/crema-suavizante-1-l/R-568801657/p,Crema suavizante 1 l.,"1,50 €",,"0,15 €/100ml",,Perfumería e Higiene,Cabello,Acondicionadores,https://static.carrefour.es/hd_510x_/img_pim_food/276211_00_1.jpg
https://www.carrefour.es/supermercado/chocolate-blanco-con-azucar-de-cana-ecologico-intermon-oxfam-100-g/R-694303851/p,Chocolate blanco con azúcar de caña ecológico Intermón Oxfam 100 g.,"3,25 €",,"32,50 €/kg",,La Despensa,Dulce,Bombones y Chocolates,https://static.carrefour.es/hd_510x_/img_pim_food/092775_00_1.jpg
https://www.carrefour.es/supermercado/coca-cola-pack-4-botellas-2-l/R-521028125/p,Coca Cola pack 4 botellas 2 l.,"7,68 €",,"0,96 €/l",,Bebidas,Refrescos,Colas,https://static.carrefour.es/hd_510x_/img_pim_food/030127_00_1.jpg
https://www.carrefour.es/supermercado/pimientos-del-piquillo-en-tiras-al-ajillo-carrefour-225-g/R-521008106/p,Pimientos del Piquillo en tiras al ajillo Carrefour 225 g.,"1,17 €",,"5,20 €/kg",,La Despensa,"Conservas, Sopas y Precocinados",Conservas de Vegetales,https://static.carrefour.es/hd_510x_/img_pim_food/231092_00_1.jpg
https://www.carrefour.es/supermercado/almejas-blancas-del-norte-al-natural-dani-90-g/R-VC4AECOMM-264729/p,Almejas blancas del norte al natural Dani 90 g.,"2,69 €",,"29,89 €/kg",,La Despensa,"Conservas, Sopas y Precocinados",Conservas de Pescado y Marisco,https://static.carrefour.es/hd_510x_/img_pim_food/264729_00_1.jpg
https://www.carrefour.es/supermercado/tila-en-bolsitas-pompadour-25-ud/R-522713642/p,Tila en bolsitas Pompadour 25 ud.,"2,25 €",,"75,00 €/kg",,La Despensa,Desayuno,Infusiones y Tés,https://static.carrefour.es/hd_510x_/img_pim_food/001740_00_1.jpg
https://www.carrefour.es/supermercado/chics-bikini-atun-y-sobrasada-carrefour-15-ud/R-VC4AECOMM-103757/p,"Chics Bikini, Atún y Sobrasada Carrefour 15 ud.","1,75 €",,"0,12 €/ud",,Productos Frescos,Panadería Tradicional,Empanadas y hojaldres,https://static.carrefour.es/hd_510x_/img_pim_food/103757_00_1.jpg
https://www.carrefour.es/supermercado/tortitas-de-maiz-vitalday-gullon-sin-gluten-130-g/R-591501520/p,Tortitas de maíz Vitalday Gullón sin gluten 130 g.,"1,62 €",,"12,46 €/kg",,La Despensa,Aperitivos,Tortitas,https://static.carrefour.es/hd_510x_/img_pim_food/342235_00_1.jpg
https://www.carrefour.es/supermercado/bolsita-de-manzana-platano-y-fresa-nestle-cool-fruits-sin-azucar-anadido-110-g/R-VC4AECOMM-625997/p,"Bolsita de manzana, plátano y fresa Nestlé Cool Fruits sin azúcar añadido 110 g.","1,14 €",,"10,36 €/kg",,Bebé,Alimentación infantil,"Postres, Zumos, Petit y Yogures Infantiles",https://static.carrefour.es/hd_510x_/img_pim_food/625997_00_1.jpg
https://www.carrefour.es/supermercado/zumo-de-fruta-y-leche-carrefour-tropical-sin-lactosa-pack-de-6-briks-de-20-cl/R-prod570182/p,Zumo de fruta y leche Carrefour Tropical sin lactosa pack de 6 briks de 20 cl.,"2,25 €",,"1,87 €/l",,Bebidas,Aguas y Zumos,Zumos no Refrigerados,https://static.carrefour.es/hd_510x_/img_pim_food/837366_00_1.jpg
https://www.carrefour.es/supermercado/bifidus-con-cereales-carrefour-classic-pack/R-VC4AECOMM-720359/p,Bífidus con cereales Carrefour Classic' pack,"2,05 €",,"3,20 €/kg",,La Despensa,Yogures y Postres,Bífidus,https://static.carrefour.es/hd_510x_/img_pim_food/720359_00_1.jpg
https://www.carrefour.es/supermercado/base-de-tarta-3-capas-petite-genoise-350-g/R-VC4AECOMM-322779/p,Base de tarta 3 capas Petite Genoise 350 g,"2,79 €",,"7,97 €/kg",,La Despensa,"Panaderia, Bollería y Pastelería",Pastelería,https://static.carrefour.es/hd_510x_/img_pim_food/322779_00_1.jpg
https://www.carrefour.es/supermercado/desenredante-sin-aclarado-nelly-kids-200-ml/R-VC4AECOMM-744106/p,Desenredante sin aclarado Nelly Kids 200 ml.,"4,29 €",,"2,14 €/100ml",,Bebé,Perfumería e Higiene,Acondicionador,https://static.carrefour.es/hd_510x_/img_pim_food/744106_00_1.jpg
https://www.carrefour.es/supermercado/bollo-de-petitas-chocolate-con-leche-weikis-la-bella-easo-6-ud/R-521007263/p,Bollo de petitas chocolate con leche Weikis La Bella Easo 6 ud.,"2,69 €",,"10,76 €/kg",,La Despensa,"Panaderia, Bollería y Pastelería",Bollería,https://static.carrefour.es/hd_510x_/img_pim_food/415187_00_1.jpg
https://www.carrefour.es/supermercado/pechuga-de-pavo-en-lonchas-simply-sin-gluten-sin-lactosa-250-g/R-VC4AECOMM-709246/p,Pechuga de pavo en lonchas Simply sin gluten sin lactosa 250 g.,"2,19 €",,"8,76 €/kg",,Productos Frescos,Charcutería,Fiambre de Pavo y Pollo,https://static.carrefour.es/hd_510x_/img_pim_food/709246_00_1.jpg
https://www.carrefour.es/supermercado/pizza-romana-casa-tarradellas-410-g/R-521030229/p,Pizza romana Casa Tarradellas 410 g.,"3,29 €",,"8,02 €/kg",,La Despensa,"Conservas, Sopas y Precocinados",Pizzas,https://static.carrefour.es/hd_510x_/img_pim_food/051679_00_1.jpg
https://www.carrefour.es/supermercado/fanta-de-limon-botella-50-cl/R-520660578/p,Fanta de limón botella 50 cl.,"1,61 €",,"3,22 €/l",,Bebidas,Refrescos,Sabores con Gas,https://static.carrefour.es/hd_510x_/img_pim_food/038212_00_1.jpg
https://www.carrefour.es/supermercado/compresas-normal-con-alas-ultrafina-ausonia-36-ud/R-584301522/p,Compresas normal con alas ultrafina Ausonia 36 ud.,"4,59 €",,"0,12 €/ud",,Perfumería e Higiene,Higiene íntima,Compresas,https://static.carrefour.es/hd_510x_/img_pim_food/300523_00_1.jpg
https://www.carrefour.es/supermercado/leche-entera-ecologica-carrefour-bio-brik-1-l/R-521007016/p,Leche entera ecológica Carrefour Bio brik 1 l.,"1,36 €",,"1,36 €/l
- 8,16 €/6 uds.",,La Despensa,Lácteos,Leche,https://static.carrefour.es/hd_510x_/img_pim_food/500749_00_1.jpg
https://www.carrefour.es/supermercado/vino-tinto-vina-lobon-botella-75-cl/R-803403858/p,Vino tinto Viña Lobón botella 75 cl.,"2,25 €",,"2,25 €/ud",,Bebidas,Vinos,De Mesa,https://static.carrefour.es/hd_510x_/img_pim_food/913296_00_1.jpg
https://www.carrefour.es/supermercado/brocomole-carrefour-tarrina-200-g/R-VC4AECOMM-217800/p,Brocomole Carrefour tarrina 200 g,"1,79 €",,"8,95 €/kg",,Productos Frescos,Verduras y hortalizas,Ensaladas y Verduras Preparadas,https://static.carrefour.es/hd_510x_/img_pim_food/217800_00_1.jpg
https://www.carrefour.es/supermercado/champinon-en-trozos-classic-carrefour-230-g/R-521005926/p,Champiñón en trozos Classic Carrefour 230 g.,"1,23 €",,"5,35 €/kg",,La Despensa,"Conservas, Sopas y Precocinados",Conservas de Vegetales,https://static.carrefour.es/hd_510x_/img_pim_food/679117_00_1.jpg
https://www.carrefour.es/supermercado/cafe-descafeinado-en-capsulas-lor-espresso-tassimo-16-unidades-de-66-g/R-853200386/p,"Café descafeinado en cápsulas L'Or Espresso Tassimo 16 unidades de 6,6 g.","6,89 €",,"65,62 €/kg",,La Despensa,Desayuno,Cafés,https://static.carrefour.es/hd_510x_/img_pim_food/070405_00_1.jpg
https://www.carrefour.es/supermercado/set-18-tealights-vainilla-roura/R-VC4AECOMM-886827/p,Set 18 Tealights Vainilla ROURA,"2,99 €",,"2.990,00 €/ud",,Limpieza y Hogar,Ambientadores,Decorativos,https://static.carrefour.es/hd_510x_/img_pim_food/886827_00_1.jpg
https://www.carrefour.es/supermercado/ginebra-gvine-70-cl/R-590204695/p,G`Vine Ginebra,"39,00 €",,"55,71 €/l",,Bebidas,Alcoholes,Ginebra,https://static.carrefour.es/hd_510x_/img_pim_food/168884_00_1.jpg
https://www.carrefour.es/supermercado/dentifrico-repair-protect-fresh-mint-sensodyne-pack-de-2-unidades-de-75-ml/R-VC4AECOMM-352221/p,Dentífrico repair & protect fresh mint Sensodyne pack de 2 unidades de 75 ml.,"7,35 €",,"4,90 €/100ml",,Parafarmacia,Higiene Bucal,Pasta de dientes,https://static.carrefour.es/hd_510x_/img_pim_food/352221_00_1.jpg
https://www.carrefour.es/supermercado/virutas-roedores-vitakraft-14-l/R-528413414/p,Virutas Roedores Vitakraft 14 l,"2,49 €",,"0,18 €/l",,Mascotas,Conejos y roedores,Accesorios e Higiene,https://static.carrefour.es/hd_510x_/img_pim_food/406958_00_1.jpg
https://www.carrefour.es/supermercado/coca-cola-zero-azucar-pack-4-botellas-20-cl/R-VC4AECOMM-433514/p,Coca Cola zero azúcar pack 4 botellas 20 cl.,"4,55 €",,"5,69 €/l",,Bebidas,Refrescos,Colas,https://static.carrefour.es/hd_510x_/img_pim_food/433514_00_1.jpg
https://www.carrefour.es/supermercado/compresas-de-incontinencia-para-hombre-absodys-men-carrefour-20-ud/R-prod211685/p,Compresas de incontinencia para hombre Absodys men Carrefour 20 ud.,"8,79 €",,"0,44 €/ud",,Perfumería e Higiene,Higiene íntima,Incontinencia,https://static.carrefour.es/hd_510x_/img_pim_food/264477_00_1.jpg
https://www.carrefour.es/supermercado/ketchup-light-carrefour-envase-540-g/R-712515963/p,Kétchup light Carrefour envase 540 g.,"1,52 €",,"2,81 €/kg",,La Despensa,Alimentación,Salsas y Tomate Frito,https://static.carrefour.es/hd_510x_/img_pim_food/438868_00_1.jpg
https://www.carrefour.es/supermercado/helado-de-crema-de-cafe-haagen-dazs-sin-gluten-460-ml/R-VC4AECOMM-337656/p,Helado de crema de café Häagen-Dazs sin gluten 460 ml.,"7,59 €",,"17,25 €/kg",,Congelados,Helados,Tarrinas,https://static.carrefour.es/hd_510x_/img_pim_food/337656_00_1.jpg
https://www.carrefour.es/supermercado/queso-de-plancha-old-amsterdam-140-g/R-VC4AECOMM-350019/p,Queso de plancha Old Amsterdam 140 g.,"4,58 €",,"32,71 €/kg",,Productos Frescos,Quesos,Todos los Quesos,https://static.carrefour.es/hd_510x_/img_pim_food/350019_00_1.jpg
https://www.carrefour.es/supermercado/cepillo-de-dientes-infantil-de-2-a-6-anos-lacer-1-ud/R-646502621/p,Cepillo de dientes infantil de 2 a 6 años Lacer 1 ud.,"3,75 €",,"3,75 €/ud",,Parafarmacia,Higiene Bucal,Cepillos y Seda,https://static.carrefour.es/hd_510x_/img_pim_food/816457_00_1.jpg
https://www.carrefour.es/supermercado/langostino-vannamei-cocido-30-40-piezas-carrefour-400-g/R-606509689/p,Langostino vannamei cocido 30/40 piezas Carrefour 400 g.,"4,69 €",,"11,72 €/kg",,Congelados,Mariscos Congelados,,https://static.carrefour.es/hd_510x_/img_pim_food/387707_00_1.jpg
https://www.carrefour.es/supermercado/bolsita-de-pera-manzana-y-platano-desde-4-meses-ecologica-gerber-sin-gluten-y-sin-azucar-anadido-90-g/R-VC4AECOMM-060774/p,"Bolsita de pera, manzana y plátano desde 4 meses ecológica Gerber sin gluten y sin azúcar añadido 90 g.","1,67 €",,"18,56 €/kg",,Bebé,Alimentación infantil,"Postres, Zumos, Petit y Yogures Infantiles",https://static.carrefour.es/hd_510x_/img_pim_food/060774_00_1.jpg
https://www.carrefour.es/supermercado/caramelos-sabor-toffe-werthers-original-150-g/R-VC4AECOMM-015561/p,Caramelos sabor toffe Werther's Original 150 g.,"2,95 €",,"19,67 €/kg",,La Despensa,Dulce,Dulces y Golosinas,https://static.carrefour.es/hd_510x_/img_pim_food/015561_00_1.jpg
https://www.carrefour.es/supermercado/mascarilla-capilar-nutri-repair-butter-para-cabello-muy-seco-y-danado-garnier-fructis-300-ml/R-869702267/p,Mascarilla capilar Nutri Repair Butter para cabello muy seco y dañado Garnier-Fructis 300 ml.,"5,20 €",,"1,62 €/100ml",,Perfumería e Higiene,Cabello,Cuidado y Tratamientos del cabello,https://static.carrefour.es/hd_510x_/img_pim_food/175622_00_1.jpg
https://www.carrefour.es/supermercado/servilleta-laminada-carrefour-home-eco-33x32-cm-marron/R-VC4AECOMM-324793/p,Servilleta Laminada CARREFOUR HOME Eco 33x32 cm - Marrón,"1,83 €",,"1,83 €/ud",,Limpieza y Hogar,Papel y Celulosa,Servilletas,https://static.carrefour.es/hd_510x_/img_pim_food/324793_00_1.jpg
https://www.carrefour.es/supermercado/discos-wc-activos-inodoros-lima-aparato-recambio-pato-1-ud/R-prod420397/p,Discos wc activos inodoros lima aparato + recambio Pato 1 ud.,"3,85 €",,"3,85 €/ud",,Limpieza y Hogar,Productos para Baño,WC,https://static.carrefour.es/hd_510x_/img_pim_food/462980_00_1.jpg
https://www.carrefour.es/supermercado/cava-freixenet-semiseco-pack-de-3-botellas-de-20-cl/R-520662223/p,Cava Freixenet semiseco pack de 3 botellas de 20 cl.,"7,35 €",,"7,35 €/ud",,,,,https://static.carrefour.es/hd_510x_/img_pim_food/000266_00_1.jpg
https://www.carrefour.es/supermercado/protege-slips-plus-large-carefree-64-ud/R-prod64101/p,Protege slips plus large Carefree 64 ud.,"4,15 €",,"0,06 €/ud",,Perfumería e Higiene,Higiene íntima,Protege Slip,https://static.carrefour.es/hd_510x_/img_pim_food/200764_00_1.jpg
https://www.carrefour.es/supermercado/lejia-hogar-con-detergente-frescor-limon-estrella-143-l/R-VC4AECOMM-756667/p,"Lejía hogar con detergente frescor limón Estrella 1,43 l.","2,65 €",,"1,85 €/l",,Limpieza y Hogar,Productos para toda la casa,Lejías y Amoniacos,https://static.carrefour.es/hd_510x_/img_pim_food/756667_00_1.jpg
https://www.carrefour.es/supermercado/chicles-de-menta-klets-fini-sin-gluten-100-g/R-prod760091/p,Chicles de menta Klét's Fini sin gluten 100 g.,"1,95 €",,"19,50 €/kg",,La Despensa,Dulce,Dulces y Golosinas,https://static.carrefour.es/hd_510x_/img_pim_food/859405_00_1.jpg
https://www.carrefour.es/supermercado/mousse-chocolate-con-proteinas-valio-profeel-protein-sin-lactosa-y-sin-azucar-anadido-150-g/R-prod222255/p,Mousse chocolate con proteínas Valio Profeel Protein sin lactosa y sin azúcar añadido 150 g.,"1,73 €",,"11,53 €/kg",,La Despensa,Yogures y Postres,Mousse,https://static.carrefour.es/hd_510x_/img_pim_food/806003_00_1.jpg
https://www.carrefour.es/supermercado/gaseosa-la-casera-cero-calorias-pack-de-4-botellas-de-15-l/R-521033459/p,"Gaseosa La Casera cero calorías pack de 4 botellas de 1,5 l.","4,65 €",,"0,77 €/l",,Bebidas,Refrescos,Gaseosa,https://static.carrefour.es/hd_510x_/img_pim_food/026554_00_1.jpg
https://www.carrefour.es/supermercado/crema-de-esparragos-gallina-blanca-57-g/R-521005776/p,Crema de espárragos Gallina Blanca 57 g.,"1,57 €",,"27,54 €/kg",,La Despensa,"Conservas, Sopas y Precocinados","Caldos, Sopas y Pure",https://static.carrefour.es/hd_510x_/img_pim_food/003249_00_1.jpg
https://www.carrefour.es/supermercado/pasta-trofie-barilla-collezione-500-g/R-prod1120121/p,Pasta Trofie Barilla Collezione 500 g.,"2,39 €",,"4,78 €/kg",,La Despensa,Alimentación,Pastas,https://static.carrefour.es/hd_510x_/img_pim_food/157986_00_1.jpg
https://www.carrefour.es/supermercado/flan-de-vainilla-con-caramelo-nestle-la-lechera-pack-de-6-unidades-de-100-g/R-840600807/p,Flan de vainilla con caramelo Nestlé La Lechera pack de 6 unidades de 100 g.,"2,39 €",,"3,98 €/kg",,La Despensa,Yogures y Postres,Flanes,https://static.carrefour.es/hd_510x_/img_pim_food/978892_00_1.jpg
https://www.carrefour.es/supermercado/coca-cola-zero-azucar-pack-2-botellas-2-l/R-732111884/p,Coca Cola zero azúcar pack 2 botellas 2 l.,"3,90 €",,"0,97 €/l",,Bebidas,Refrescos,Colas,https://static.carrefour.es/hd_510x_/img_pim_food/684727_00_1.jpg
https://www.carrefour.es/supermercado/detergente-en-capsulas-todo-en-uno-pods-frescor-sensaciones-ariel-30-lavados/R-VC4AECOMM-127650/p,Detergente en cápsulas Todo En Uno Pods + frescor sensaciones Ariel 30 lavados.,"19,19 €",,"0,64 €/lavado",,Limpieza y Hogar,Cuidado de la Ropa,Detergentes,https://static.carrefour.es/hd_510x_/img_pim_food/127650_00_1.jpg
https://www.carrefour.es/supermercado/azucar-moreno-de-cana-panela-gourmet-latino-454-g/R-590507644/p,Azúcar moreno de caña Panela Gourmet Latino 454 g.,"2,19 €",,"4,82 €/kg",,,,,https://static.carrefour.es/hd_510x_/img_pim_food/538804_00_1.jpg
https://www.carrefour.es/supermercado/caldo-de-pollo-ecologico-carrefour-sin-gluten-1-l/R-VC4AECOMM-366044/p,Caldo de pollo ecológico Carrefour sin gluten 1 l.,"2,35 €",,"2,35 €/l",,La Despensa,"Conservas, Sopas y Precocinados","Caldos, Sopas y Pure",https://static.carrefour.es/hd_510x_/img_pim_food/366044_00_1.jpg
https://www.carrefour.es/supermercado/pants-dodot-t4-9-15-kg-62-ud/R-VC4AECOMM-799254/p,Pants Dodot T4 (9-15 kg) 62 ud.,"23,20 €",,"0,37 €/ud",,Bebé,Pañales y Toallitas,Pañales Dodot,https://static.carrefour.es/hd_510x_/img_pim_food/799254_00_1.jpg
https://www.carrefour.es/supermercado/mini-tostas-redondas-ortiz-100-g/R-521002574/p,Mini tostas redondas Ortiz 100 g.,"2,15 €",,"21,50 €/kg",,La Despensa,"Panaderia, Bollería y Pastelería","Pan tostado, Biscottes y Barritas",https://static.carrefour.es/hd_510x_/img_pim_food/029138_00_1.jpg
https://www.carrefour.es/supermercado/queso-de-oveja-semicurado-classic-carrefour-cuna-250-g/R-VC4AECOMM-104880/p,Queso de oveja semicurado Classic´ Carrefour cuña 250 g.,"3,99 €",,"15,96 €/kg",,Productos Frescos,Quesos,Semicurado,https://static.carrefour.es/hd_510x_/img_pim_food/104880_00_1.jpg
https://www.carrefour.es/supermercado/zumo-de-pina-carrefour-brik-1-l/R-521030032/p,Zumo de piña Carrefour brik 1 l.,"1,95 €",,"1,95 €/l",,Bebidas,Aguas y Zumos,Zumos Refrigerados,https://static.carrefour.es/hd_510x_/img_pim_food/356742_00_1.jpg
https://www.carrefour.es/supermercado/atun-en-aceite-de-oliva-650-g/R-prod420045/p,Atún en aceite de oliva 650 g.,"7,99 €",,"12,29 €/kg",,La Despensa,"Conservas, Sopas y Precocinados",Conservas de Pescado y Marisco,https://static.carrefour.es/hd_510x_/img_pim_food/822490_00_1.jpg
https://www.carrefour.es/supermercado/chipirones-rellenos-en-tinta-classic-carrefour-sin-gluten-75-g/R-VC4AECOMM-080486/p,Chipirones rellenos en tinta Classic Carrefour sin gluten 75 g.,"2,65 €",,"36,81 €/kg",,La Despensa,"Conservas, Sopas y Precocinados",Conservas de Pescado y Marisco,https://static.carrefour.es/hd_510x_/img_pim_food/080486_00_1.jpg
https://www.carrefour.es/supermercado/refresco-carrefour-classic-limon-2-l/R-VC4AECOMM-766578/p,Refresco Carrefour Classic' limón 2 l.,"1,07 €",,"0,53 €/l",,Bebidas,Refrescos,Sabores con Gas,https://static.carrefour.es/hd_510x_/img_pim_food/766578_00_1.jpg
https://www.carrefour.es/supermercado/crema-de-noche-hidratante-hydro-boost-neutrogena-50-ml/R-fprod1190030/p,Crema de noche hidratante Hydro Boost Neutrogena 50 ml.,"21,10 €",,"42,20 €/100ml",,Parafarmacia,Cuidado e higiene facial,Cremas faciales,https://static.carrefour.es/hd_510x_/img_pim_food/229598_00_1.jpg
https://www.carrefour.es/supermercado/bayeta-microfibra-spontex-economic-mapa/R-783909238/p,Bayeta Microfibra SPONTEX Economic Mapa,"3,05 €",,"3,05 €/ud",,Limpieza y Hogar,Utensilios de Limpieza,Bayetas Microfibra Atrapapolvo,https://static.carrefour.es/hd_510x_/img_pim_food/409500_00_1.jpg
https://www.carrefour.es/supermercado/tarrito-de-yogur-con-platano-y-fresas-desde-6-meses-sin-azucar-anadido-hero-baby-sin-gluten-pack-de-2-unidades-de-120-g/R-VC4AECOMM-312031/p,Tarrito de yogur con plátano y fresas desde 6 meses sin azúcar añadido Hero Baby sin gluten pack de 2 unidades de 120 g.,"3,25 €",,"13,54 €/kg",,Bebé,Alimentación infantil,"Postres, Zumos, Petit y Yogures Infantiles",https://static.carrefour.es/hd_510x_/img_pim_food/312031_00_1.jpg
https://www.carrefour.es/supermercado/colgador-wc-poder-activo-natura-bref-2-ud/R-713315980/p,Colgador WC poder activo natura Bref 2 ud.,"2,95 €",,"29,50 €/kg",,Limpieza y Hogar,Productos para Baño,WC,https://static.carrefour.es/hd_510x_/img_pim_food/440709_00_1.jpg
https://www.carrefour.es/supermercado/cepillo-de-bano-suave-de-plastico-carrefour-1-ud/R-VC4AECOMM-443081/p,Cepillo de baño suave de plastico Carrefour 1 ud.,"3,39 €",,"3,39 €/ud",,Perfumería e Higiene,Baño e Higiene Corporal,"Esponjas, Manoplas y Cepillos de Baño",https://static.carrefour.es/hd_510x_/img_pim_food/443081_00_1.jpg
https://www.carrefour.es/supermercado/refresco-de-limon-con-gas-kas-2-l/R-520660572/p,Refresco de limón con gas Kas 2 l.,"1,64 €",,"0,82 €/l",,Bebidas,Refrescos,Sabores con Gas,https://static.carrefour.es/hd_510x_/img_pim_food/000083_00_1.jpg
https://www.carrefour.es/supermercado/jamon-curado-dop-teruel-de-nuestra-tierra-pieza-75-kg-aprox/R-prod1130347/p,Jamón curado D.O.P Teruel De Nuestra Tierra pieza 7.5 Kg aprox,"95,00 €",,"12,18 €/kg",,Productos Frescos,Charcutería,Jamón serrano e ibérico Pieza,https://static.carrefour.es/hd_510x_/img_pim_food/179285_00_1.jpg
https://www.carrefour.es/supermercado/crema-facial-de-dia-antiarrugas-q10-carrefour-soft-50-ml/R-VC4AECOMM-486039/p,Crema facial de día antiarrugas Q10 Carrefour Soft 50 ml.,"3,95 €",,"7,90 €/100ml",,Perfumería e Higiene,Cosmética,Rostro,https://static.carrefour.es/hd_510x_/img_pim_food/486039_00_1.jpg
https://www.carrefour.es/supermercado/anillo-intense-orgasmic-vibrations-durex-1-ud/R-521001044/p,Anillo intense orgasmic vibrations Durex 1 ud,"12,89 €",,"12,89 €/ud",,Perfumería e Higiene,Bienestar Sexual,Estimuladores,https://static.carrefour.es/hd_510x_/img_pim_food/627155_00_1.jpg
https://www.carrefour.es/supermercado/compresas-normal-sin-alas-maxi-carrefour-20-ud/R-836133980/p,Compresas normal sin alas maxi Carrefour 20 ud.,"1,89 €",,"0,09 €/ud",,Perfumería e Higiene,Higiene íntima,Compresas,https://static.carrefour.es/hd_510x_/img_pim_food/972635_00_1.jpg
https://www.carrefour.es/supermercado/lomos-de-bacalao-ultracongelado-pescanova-300-g/R-521031259/p,Lomos de bacalao ultracongelado Pescanova 300 g.,"7,69 €",,"25,63 €/kg",,Congelados,Pescados Congelados,,https://static.carrefour.es/hd_510x_/img_pim_food/546274_00_1.jpg
https://www.carrefour.es/supermercado/enjuague-bucal-oral-kin-zero-pack-de-2-unidades-de-500-ml/R-VC4AECOMM-010144/p,Enjuague bucal Oral Kin Zero pack de 2 unidades de 500 ml.,"9,05 €",,"0,90 €/100ml",,Parafarmacia,Higiene Bucal,Colutorio,https://static.carrefour.es/hd_510x_/img_pim_food/010144_00_1.jpg
https://www.carrefour.es/supermercado/tortitas-de-maiz-sabor-barbacoa-bicentury-1235-g/R-590208121/p,"Tortitas de maíz sabor barbacoa Bicentury 123,5 g.","2,39 €",,"19,43 €/kg",,La Despensa,Aperitivos,Tortitas,https://static.carrefour.es/hd_510x_/img_pim_food/235490_00_1.jpg
https://www.carrefour.es/supermercado/arroz-categoria-primera-carrefour-1-kg/R-prod1022743/p,Arroz categoría primera Carrefour 1 kg.,"1,30 €",,"1,30 €/kg",,La Despensa,Alimentación,Arroz y Cous Cous,https://static.carrefour.es/hd_510x_/img_pim_food/101424_00_1.jpg
https://www.carrefour.es/supermercado/aceite-de-rosa-de-mosqueta-phytofarma-30-ml/R-590511012/p,Aceite de rosa de mosqueta Phytofarma 30 ml.,"16,35 €",,"54,50 €/100ml",,Parafarmacia,Cuidado corporal,Cremas y Lociones,https://static.carrefour.es/hd_510x_/img_pim_food/755093_00_1.jpg
https://www.carrefour.es/supermercado/maiz-frito-san-blas-sin-gluten-200-g/R-VC4AECOMM-255909/p,Maíz frito San Blas sin gluten 200 g.,"0,92 €",,"4,60 €/kg",,La Despensa,Aperitivos,Frutos Secos,https://static.carrefour.es/hd_510x_/img_pim_food/255909_00_1.jpg
https://www.carrefour.es/supermercado/mostaza-a-la-antigua-maille-tarro-210-g/R-521029221/p,Mostaza a la antigua Maille tarro 210 g.,"4,05 €",,"19,29 €/kg",,La Despensa,Alimentación,Salsas y Tomate Frito,https://static.carrefour.es/hd_510x_/img_pim_food/002264_00_1.jpg
https://www.carrefour.es/supermercado/tonica-schweppes-wild-berry-lata-25-cl/R-VC4AECOMM-398637/p,Tónica Schweppes Wild Berry lata 25 cl.,"0,93 €",,"3,72 €/l",,Bebidas,Refrescos,Tónica,https://static.carrefour.es/hd_510x_/img_pim_food/398637_00_1.jpg
https://www.carrefour.es/supermercado/bombones-helados-gold-caramel-billionaire-magnum-12-ud/R-VC4AECOMM-517351/p,Bombones helados gold caramel billionaire Magnum 12 ud.,"4,99 €",,"0,42 €/ud",,Congelados,Helados,Bombón Helado,https://static.carrefour.es/hd_510x_/img_pim_food/517351_00_1.jpg
https://www.carrefour.es/supermercado/grageas-de-chocolate-negro-rellenas-de-arandanos-y-acai-sensation-fruit-lindt-150-g/R-prod224387/p,Grageas de chocolate negro rellenas de arándanos y açai sensation fruit Lindt 150 g.,"5,19 €",,"34,60 €/kg",,La Despensa,Dulce,Bombones y Chocolates,https://static.carrefour.es/hd_510x_/img_pim_food/012695_00_1.jpg
https://www.carrefour.es/supermercado/dentifrico-proteccion-bucodental-integral-de-dientes-y-encias-triple-accion-lacer-oros-125-ml/R-590507974/p,Dentífrico protección bucodental integral de dientes y encías triple acción Lacer Oros 125 ml.,"8,39 €",,"6,71 €/100ml",,Parafarmacia,Higiene Bucal,Pasta de dientes,https://static.carrefour.es/hd_510x_/img_pim_food/548475_00_1.jpg
https://www.carrefour.es/supermercado/desodorante-en-spray-para-hombre-perfume-musk-150-ml/R-805525719/p,Desodorante en spray para hombre Perfume musk 150 ml.,"1,25 €",,"0,83 €/100ml",,Perfumería e Higiene,Baño e Higiene Corporal,Desodorantes,https://static.carrefour.es/hd_510x_/img_pim_food/924172_00_1.jpg
https://www.carrefour.es/supermercado/preparado-vegano-a-base-de-proteina-de-guisante-sabor-atun-garden-gourmet-175-g/R-VC4AECOMM-725563/p,Preparado vegano a base de proteína de guisante sabor atún Garden Gourmet 175 g.,"5,99 €",,"34,23 €/kg",,La Despensa,"Conservas, Sopas y Precocinados",Platos Preparados,https://static.carrefour.es/hd_510x_/img_pim_food/725563_00_1.jpg
https://www.carrefour.es/supermercado/patatas-mojo-picon-de-tapas-carretilla-sin-gluten-250-g/R-VC4AECOMM-198537/p,Patatas mojo picón De Tapas Carretilla sin gluten 250 g.,"2,65 €",,"10,60 €/kg",,La Despensa,"Conservas, Sopas y Precocinados",Platos Preparados,https://static.carrefour.es/hd_510x_/img_pim_food/198537_00_1.jpg
https://www.carrefour.es/supermercado/gel-dentifrico-uso-diario-anticaries-sabor-fresa-junior-fluor-kin-75-ml/R-590505762/p,Gel dentífrico uso diario anticaries sabor fresa Junior Fluor Kin 75 ml.,"5,75 €",,"7,67 €/100ml",,Parafarmacia,Higiene Bucal,Pasta de dientes,https://static.carrefour.es/hd_510x_/img_pim_food/300441_00_1.jpg
https://www.carrefour.es/supermercado/tomate-frito-carrefour-pack-de-3-briks-de-215-g/R-767407260/p,Tomate frito Carrefour pack de 3 briks de 215 g.,"0,92 €",,"1,43 €/kg",,La Despensa,Alimentación,Salsas y Tomate Frito,https://static.carrefour.es/hd_510x_/img_pim_food/775309_00_1.jpg
https://www.carrefour.es/supermercado/arroz-para-paella-sos-1-kg/R-prod550351/p,Arroz para paella Sos 1 kg.,"3,76 €",,"3,76 €/kg",,La Despensa,Alimentación,Arroz y Cous Cous,https://static.carrefour.es/hd_510x_/img_pim_food/836370_00_1.jpg
https://www.carrefour.es/supermercado/sandwich-filipinos-cornetto-4-ud/R-VC4AECOMM-161087/p,Sandwich Filipinos Cornetto 4 ud.,"6,39 €",,"1,60 €/ud",,,,,https://static.carrefour.es/hd_510x_/img_pim_food/161087_00_1.jpg
https://www.carrefour.es/supermercado/tiramisu-schar-sin-gluten-200-g/R-VC4AECOMM-439361/p,Tiramisú Schär sin gluten 200 g.,"8,79 €",,"43,95 €/kg",,Congelados,Rebozados y Platos Preparados,,https://static.carrefour.es/hd_510x_/img_pim_food/439361_00_1.jpg
https://www.carrefour.es/supermercado/insecticida-antiacaros-carrefour-250-ml/R-695701143/p,Insecticida antiácaros Carrefour 250 ml.,"2,09 €",,"8,36 €/l",,Limpieza y Hogar,Productos para toda la casa,Insecticidas,https://static.carrefour.es/hd_510x_/img_pim_food/094760_00_1.jpg
https://www.carrefour.es/supermercado/vino-blanco-verdejo-apoteosis-do-rueda-75-cl/R-788499221/p,Vino blanco verdejo Apoteosis D.O. Rueda 75 cl.,"2,35 €",,"2,35 €/ud",,Bebidas,Vinos,Blanco,https://static.carrefour.es/hd_510x_/img_pim_food/883029_00_1.jpg
https://www.carrefour.es/supermercado/gel-para-lavavajillas-todo-en-1-gel-lima-y-limon-somat-pack-de-2-unidades-de-60-lavados/R-VC4AECOMM-157669/p,Gel para lavavajillas Todo en 1 Gel lima y limón Somat pack de 2 unidades de 60 lavados.,"20,30 €",,"0,17 €/lavado",,Limpieza y Hogar,Productos para Cocina,Lavavajillas a máquina,https://static.carrefour.es/hd_510x_/img_pim_food/157669_00_1.jpg
https://www.carrefour.es/supermercado/hot-dog-classic-carrefour-330-g/R-fprod1230187/p,Hot dog Classic' Carrefour 330 g.,"0,95 €",,"2,88 €/kg",,La Despensa,"Panaderia, Bollería y Pastelería",Pan Perrito y Burguer,https://static.carrefour.es/hd_510x_/img_pim_food/288756_00_1.jpg
https://www.carrefour.es/supermercado/desechable-blue-ii-fija-gillette-10-ud/R-521000890/p,Desechable Blue II fija Gillette 10 ud.,"6,45 €",,"0,64 €/ud",,Perfumería e Higiene,Depilación y Afeitado,Maquinillas y Recambios,https://static.carrefour.es/hd_510x_/img_pim_food/001147_00_1.jpg
https://www.carrefour.es/supermercado/aceite-de-oliva-virgen-serie-oro-coosur-1-l/R-VC4AECOMM-484256/p,Aceite de oliva virgen serie oro Coosur 1 l.,"12,23 €",,"12,23 €/l",,La Despensa,Alimentación,Aceites y vinagres,https://static.carrefour.es/hd_510x_/img_pim_food/484256_00_1.jpg
https://www.carrefour.es/supermercado/queso-fresco-desnatado-burgo-de-arias-pack-de-6-unidades-de-72-g/R-526501342/p,Queso fresco desnatado Burgo de Arias pack de 6 unidades de 72 g.,"4,03 €",,"9,33 €/kg",,Productos Frescos,Quesos,Todos los Quesos,https://static.carrefour.es/hd_510x_/img_pim_food/586812_00_1.jpg
https://www.carrefour.es/supermercado/bebida-lactea-omega-3-carrefour-brik-1-l/R-521007048/p,Bebida láctea Omega 3 Carrefour brik 1 l.,"1,10 €",,"1,10 €/l
- 6,60 €/6 uds.",,La Despensa,Lácteos,Leche,https://static.carrefour.es/hd_510x_/img_pim_food/615831_00_1.jpg
https://www.carrefour.es/supermercado/bolsita-de-bebida-de-avena-fresa-manzana-platano-y-zanahoria-morada-ecologica-my-carrefour-baby-bio-sin-azucar-anadido-100-g/R-VC4AECOMM-458657/p,"Bolsita de bebida de avena, fresa, manzana, plátano y zanahoria morada ecológica My Carrefour Baby Bio sin azúcar añadido 100 g.","0,97 €",,"9,70 €/kg",,Bebé,Alimentación infantil,"Postres, Zumos, Petit y Yogures Infantiles",https://static.carrefour.es/hd_510x_/img_pim_food/458657_00_1.jpg
https://www.carrefour.es/supermercado/sirope-de-agave-ecologico-naturgreen-sin-gluten-690-g/R-651303857/p,Sirope de agave ecológico Naturgreen sin gluten 690 g.,"7,59 €",,"11,00 €/kg",,La Despensa,Dulce,"Siropes, Aromas y Decoración",https://static.carrefour.es/hd_510x_/img_pim_food/816739_00_1.jpg
https://www.carrefour.es/supermercado/detergente-liquido-colonia-fresca-carrefour-40-lavados/R-819114844/p,Detergente líquido Colonia Fresca Carrefour 40 lavados.,"2,69 €",,"0,07 €/lavado",,Limpieza y Hogar,Cuidado de la Ropa,Detergentes,https://static.carrefour.es/hd_510x_/img_pim_food/951802_00_1.jpg
https://www.carrefour.es/supermercado/cafe-natural-monodosis-carrefour-compatible-con-senseo-32-unidades-de-7-g/R-fprod1280770/p,Café natural monodosis Carrefour compatible con Senseo 32 unidades de 7 g.,"2,15 €",,"9,60 €/kg",,La Despensa,Desayuno,Cafés,https://static.carrefour.es/hd_510x_/img_pim_food/331392_00_1.jpg
https://www.carrefour.es/supermercado/dentifrico-proteccion-profesional-pro-expert-oral-b-75-ml/R-VC4AECOMM-195005/p,Dentífrico protección profesional Pro-Expert Oral-B 75 ml.,"3,19 €",,"4,25 €/100ml",,Perfumería e Higiene,Boca y Sonrisa,Dentífricos,https://static.carrefour.es/hd_510x_/img_pim_food/195005_00_1.jpg
https://www.carrefour.es/supermercado/preparado-lacteo-infantil-de-crecimiento-desde-2-anos-en-polvo-almiron-advance-4-sin-aceite-de-palma-lata-800-g/R-713315938/p,Preparado lácteo infantil de crecimiento desde 2 años en polvo Almirón Advance 4 sin aceite de palma lata 800 g.,"17,29 €",,"21,61 €/kg",,Parafarmacia,Bebé,Leche infantil,https://static.carrefour.es/hd_510x_/img_pim_food/440530_00_1.jpg
https://www.carrefour.es/supermercado/cuartos-de-pollo-congelado-2-kg/R-fprod1480185/p,Cuartos de Pollo Congelado 2 kg,"4,79 €",,"2,39 €/kg",,Productos Frescos,Carnicería,Otras carnes,https://static.carrefour.es/hd_510x_/img_pim_food/413317_00_1.jpg
https://www.carrefour.es/supermercado/cerveza-ambar-lager-especial-pack-de-6-botellas-de-25-cl/R-589701838/p,Cerveza Ambar Lager especial pack de 6 botellas de 25 cl.,"4,29 €",,"2,86 €/l",,Bebidas,Cerveza,Todas las Cervezas,https://static.carrefour.es/hd_510x_/img_pim_food/035415_00_1.jpg
https://www.carrefour.es/supermercado/galletas-campurrianas-de-espelta-con-pepitas-de-chocolate-artiach-320-g/R-prod841339/p,Galletas Campurrianas de espelta con pepitas de chocolate Artiach 320 g.,"4,25 €",,"13,28 €/kg",,La Despensa,Desayuno,Galletas,https://static.carrefour.es/hd_510x_/img_pim_food/313358_00_1.jpg
https://www.carrefour.es/supermercado/champu-bebe-suave-piel-normal-mustela-200-ml/R-590507880/p,Champú bebé suave piel normal Mustela 200 ml.,"7,89 €",,"3,94 €/100ml",,Bebé,Perfumería e Higiene,Champú,https://static.carrefour.es/hd_510x_/img_pim_food/546168_00_1.jpg
https://www.carrefour.es/supermercado/tortitas-de-arroz-y-quinoa-ecologicas-ecocesta-sin-gluten-120-g/R-758202746/p,Tortitas de arroz y quinoa ecológicas Ecocesta sin gluten 120 g.,"1,99 €",,"16,58 €/kg",,La Despensa,Aperitivos,Tortitas,https://static.carrefour.es/hd_510x_/img_pim_food/767176_00_1.jpg
https://www.carrefour.es/supermercado/cocktail-de-aperitivo-sensation-carrefour-90-g/R-521009859/p,Cocktail de aperitivo Sensation Carrefour 90 g.,"0,71 €",,"7,89 €/kg",,La Despensa,Aperitivos,Snacks,https://static.carrefour.es/hd_510x_/img_pim_food/073509_00_1.jpg
https://www.carrefour.es/supermercado/vino-tinto-reserva-ramon-bilbao-doca-rioja-75-cl/R-521008595/p,Ramon Bilbao Reserva 2018,"14,89 €",,"14,89 €/ud",,Bebidas,Vinos,Tinto,https://static.carrefour.es/hd_510x_/img_pim_food/053429_00_1.jpg
https://www.carrefour.es/supermercado/pizza-5-quesos-con-salsa-queso-semicurado-pizza-salsa-campofrio-365-g/R-521033046/p,Pizza 5 quesos con salsa queso semicurado Pizza & Salsa Campofrío 365 g.,"2,95 €",,"8,08 €/kg",,La Despensa,"Conservas, Sopas y Precocinados",Pizzas,https://static.carrefour.es/hd_510x_/img_pim_food/624563_00_1.jpg
https://www.carrefour.es/supermercado/kombucha-de-te-verde-ecologico-komvida-sin-gluten-botella-25-cl/R-fprod1180121/p,Kombucha de té verde ecológico Komvida sin gluten botella 25 cl,"2,45 €",,"9,80 €/l",,Bebidas,Refrescos,Sabores con Gas,https://static.carrefour.es/hd_510x_/img_pim_food/220258_00_1.jpg
https://www.carrefour.es/supermercado/cerveza-free-damm-lager-00-sin-alcohol-sin-gluten-lata-33-cl/R-520661370/p,"Cerveza Free Damm Lager 0,0 sin alcohol sin gluten lata 33 cl.","0,74 €",,"2,24 €/l
- 4,44 €/6 uds.",,Bebidas,Cerveza,Rubia,https://static.carrefour.es/hd_510x_/img_pim_food/030464_00_1.jpg
https://www.carrefour.es/supermercado/leche-semidesnatada-con-calcio-movit-pascual-brik-1-l/R-521007006/p,Leche semidesnatada con calcio Movit Pascual brik 1 l.,"1,81 €",,"1,81 €/l",,La Despensa,Lácteos,Leche,https://static.carrefour.es/hd_510x_/img_pim_food/167541_00_1.jpg
https://www.carrefour.es/supermercado/chorizo-iberico-extra-al-corte-boadas-1880-sin-gluten-90-g/R-VC4AECOMM-101256/p,Chorizo ibérico extra al corte Boadas 1880 sin gluten 90 g,"4,25 €",,"47,22 €/kg",,Productos Frescos,Charcutería,"Chorizo, Lomo y Otros",https://static.carrefour.es/hd_510x_/img_pim_food/101256_00_1.jpg
https://www.carrefour.es/supermercado/mejillones-de-chile-en-escabeche-picante-15-20-dani-69-g/R-VC4AECOMM-376416/p,Mejillones de Chile en escabeche picante 15/20 Dani 69 g.,"1,99 €",,"28,84 €/kg",,La Despensa,"Conservas, Sopas y Precocinados",Conservas de Pescado y Marisco,https://static.carrefour.es/hd_510x_/img_pim_food/376416_00_1.jpg
https://www.carrefour.es/supermercado/colonia-spray-fresca-y-ligera-con-notas-citricas-y-hojas-de-te-y-jazmin-carrefour-soft-200-ml/R-VC4AECOMM-655053/p,Colonia spray fresca y ligera con notas cítricas y hojas de te y jazmín Carrefour Soft 200 ml.,"2,89 €",,"1,44 €/100ml",,Perfumería e Higiene,Baño e Higiene Corporal,Colonias,https://static.carrefour.es/hd_510x_/img_pim_food/655053_00_1.jpg
https://www.carrefour.es/supermercado/melocoton-en-almibar-ligero-classic-carrefour-480-g/R-VC4AECOMM-136643/p,Melocotón en almibar ligero Classic Carrefour 480 g.,"2,29 €",,"4,77 €/kg",,La Despensa,"Conservas, Sopas y Precocinados",Conservas de Frutas,https://static.carrefour.es/hd_510x_/img_pim_food/136643_00_1.jpg
https://www.carrefour.es/supermercado/aceite-de-oliva-virgen-extra-dcoop-5-l/R-prod710117/p,Aceite de oliva virgen extra Dcoop 5 l.,"57,43 €",,"11,49 €/l",,La Despensa,Alimentación,Aceites y vinagres,https://static.carrefour.es/hd_510x_/img_pim_food/850520_00_1.jpg
https://www.carrefour.es/supermercado/desodorante-en-spray-natural-24h-heno-de-pravia-200-ml/R-521000155/p,Desodorante en spray Natural 24h. Heno de Pravia 200 ml.,"3,25 €",,"1,62 €/100ml",,Perfumería e Higiene,Baño e Higiene Corporal,Desodorantes,https://static.carrefour.es/hd_510x_/img_pim_food/419555_00_1.jpg
https://www.carrefour.es/supermercado/chorizo-extra-en-lonchas-extrafinas-carrefour-el-mercado-sin-gluten-100-g/R-VC4AECOMM-164397/p,Chorizo extra en lonchas extrafinas Carrefour El Mercado sin gluten 100 g,"3,49 €",,"34,90 €/kg",,Productos Frescos,Charcutería,"Chorizo, Lomo y Otros",https://static.carrefour.es/hd_510x_/img_pim_food/164397_00_1.jpg
https://www.carrefour.es/supermercado/mango-congelado-carrefour-450-g/R-521031864/p,Mango congelado Carrefour 450 g.,"2,99 €",,"6,64 €/kg",,Congelados,Helados,Frutas heladas,https://static.carrefour.es/hd_510x_/img_pim_food/790552_00_1.jpg
https://www.carrefour.es/supermercado/refresco-sabor-lima-limon-zero-carrefour-classic-lata-33-cl/R-VC4AECOMM-034630/p,Refresco sabor lima- limón Zero Carrefour Classic' lata 33 cl.,"0,42 €",,"1,27 €/l
- 2,52 €/6 uds.",,Bebidas,Refrescos,Sabores con Gas,https://static.carrefour.es/hd_510x_/img_pim_food/034630_00_1.jpg
https://www.carrefour.es/supermercado/tinte-de-cabello-permanente-sin-amoniaco-tono-48-borgona-revlon-colorsilk-1-ud/R-826435184/p,Tinte de cabello permanente sin amoniaco tono 48 borgoña Revlon Colorsilk 1 ud.,"4,15 €",,"4,15 €/ud",,Perfumería e Higiene,Cabello,Tinte,https://static.carrefour.es/hd_510x_/img_pim_food/927368_00_1.jpg
https://www.carrefour.es/supermercado/vino-blanco-tempranillo-blanco-ecologico-el-hayedo-doca-rioja-75-cl/R-VC4AECOMM-424370/p,El Hayedo 2022,"5,19 €",,"5,19 €/ud",,Bebidas,Vinos,Blanco,https://static.carrefour.es/hd_510x_/img_pim_food/424370_00_1.jpg
https://www.carrefour.es/supermercado/leche-semidesnatada-central-lechera-asturiana-sin-lactosa-pack-3-brik-de-200-ml/R-VC4AECOMM-082295/p,Leche semidesnatada Central Lechera Asturiana sin lactosa pack 3 brik de 200 ml.,"1,53 €",,"2,55 €/l",,La Despensa,Lácteos,Leche,https://static.carrefour.es/hd_510x_/img_pim_food/082295_00_1.jpg
https://www.carrefour.es/supermercado/pastillas-de-regaliz-juanola-sin-gluten-sin-lactosa-27-g/R-590508222/p,Pastillas de regaliz Juanola sin gluten sin lactosa 27 g.,"5,85 €",,"21,67 €/100g",,Parafarmacia,Botiquín,Tos y Garganta,https://static.carrefour.es/hd_510x_/img_pim_food/551322_00_1.jpg
https://www.carrefour.es/supermercado/mermelada-de-fresa-categoria-extra-carrefour-410-g/R-521003422/p,Mermelada de fresa categoría extra Carrefour 410 g.,"1,44 €",,"3,51 €/kg",,La Despensa,Dulce,"Mermeladas, Membrillos y Compotas",https://static.carrefour.es/hd_510x_/img_pim_food/228272_00_1.jpg
https://www.carrefour.es/supermercado/suavizante-concentrado-aromaterapia-flor-de-loto-de-ensueno-vernel-80-lavados/R-VC4AECOMM-473716/p,Suavizante concentrado aromaterapia flor de loto de ensueño Vernel 80 lavados.,"5,19 €",,"0,06 €/lavado",,Limpieza y Hogar,Cuidado de la Ropa,Suavizantes,https://static.carrefour.es/hd_510x_/img_pim_food/473716_00_1.jpg
https://www.carrefour.es/supermercado/crema-facial-elasticity-eucerin-50-ml/R-VC4AECOMM-540389/p,Crema facial Elasticity Eucerin 50 ml.,"39,40 €",,"78,80 €/100ml",,Parafarmacia,Cuidado e higiene facial,Cremas faciales,https://static.carrefour.es/hd_510x_/img_pim_food/540389_00_1.jpg
https://www.carrefour.es/supermercado/trina-de-naranja-sin-gas-zero-botella-15-l/R-768607101/p,"Trina de naranja sin gas zero botella 1,5 l.","1,87 €",,"1,25 €/l",,Bebidas,Refrescos,Sabores sin Gas,https://static.carrefour.es/hd_510x_/img_pim_food/776846_00_1.jpg
https://www.carrefour.es/supermercado/limpiador-desinfectante-carrefour-expert-2-l/R-VC4AECOMM-124035/p,Limpiador desinfectante Carrefour Expert 2 l.,"3,25 €",,"1,62 €/l",,Limpieza y Hogar,Productos para toda la casa,Limpiacristales y Multiusos,https://static.carrefour.es/hd_510x_/img_pim_food/124035_00_1.jpg
https://www.carrefour.es/supermercado/salchichas-tipo-bockwurst-ahumadas-original-carrefour-250-g/R-521006547/p,Salchichas tipo Bockwurst ahumadas Original Carrefour 250 g.,"1,99 €",,"7,96 €/kg",,La Despensa,"Conservas, Sopas y Precocinados",Conservas de Carne,https://static.carrefour.es/hd_510x_/img_pim_food/230431_00_1.jpg
https://www.carrefour.es/supermercado/yogur-desnatado-sabor-coco-carrefour-classic-sin-azucar-anadido-pack-de-4-unidades-de-125-g/R-VC4AECOMM-372829/p,Yogur desnatado sabor coco Carrefour Classic' sin azúcar añadido pack de 4 unidades de 125 g.,"0,92 €",,"1,84 €/kg",,La Despensa,Yogures y Postres,Yogures Desnatados,https://static.carrefour.es/hd_510x_/img_pim_food/372829_00_1.jpg
https://www.carrefour.es/supermercado/te-rojo-en-bolsitas-ecologico-carrefour-bio-20-ud/R-521003185/p,Té rojo en bolsitas ecológico Carrefour Bio 20 ud.,"2,79 €",,"99,64 €/kg",,La Despensa,Desayuno,Infusiones y Tés,https://static.carrefour.es/hd_510x_/img_pim_food/528268_00_1.jpg
https://www.carrefour.es/supermercado/probiotico-con-vitamina-c-en-capsulas-pronutri-sin-gluten-y-sin-lactosa-15-ud/R-VC4AECOMM-146768/p,Probiotico con vitamina C en cápsulas Pronutri sin gluten y sin lactosa 15 ud.,"6,69 €",,"72,72 €/kg",,La Despensa,Alimentación,Vitaminas y Complementos,https://static.carrefour.es/hd_510x_/img_pim_food/146768_00_1.jpg
https://www.carrefour.es/supermercado/mini-tostadas-carrefour-200-g/R-526510765/p,Mini tostadas Carrefour 200 g.,"2,75 €",,"13,75 €/kg",,La Despensa,"Panaderia, Bollería y Pastelería","Pan tostado, Biscottes y Barritas",https://static.carrefour.es/hd_510x_/img_pim_food/102299_00_1.jpg
https://www.carrefour.es/supermercado/pote-asturiano-de-nuestra-tierra-sin-gluten-750-g/R-521008471/p,Pote Asturiano De Nuestra Tierra sin gluten 750 g.,"5,69 €",,"7,59 €/kg",,La Despensa,"Conservas, Sopas y Precocinados",Platos Tradicionales,https://static.carrefour.es/hd_510x_/img_pim_food/462470_00_1.jpg
https://www.carrefour.es/supermercado/pimientos-del-piquillo-asados-en-tiras-primera-carrefour-225-g/R-521008108/p,Pimientos del Piquillo asados en tiras primera Carrefour 225 g.,"1,10 €",,"4,89 €/kg",,La Despensa,"Conservas, Sopas y Precocinados",Conservas de Vegetales,https://static.carrefour.es/hd_510x_/img_pim_food/231114_00_1.jpg
https://www.carrefour.es/supermercado/zanahoria-ecologica-carrefour-bio-500-g-aprox/R-VC4AECOMM-636049/p,Zanahoria Ecológica Carrefour Bio 500 g aprox,"1,52 €",,"3,05 €/kg",,Productos Frescos,Verduras y hortalizas,Hortalizas,https://static.carrefour.es/hd_510x_/img_pim_food/636049_00_1.jpg
https://www.carrefour.es/supermercado/galleta-maria-carrefour-800-g/R-VC4AECOMM-602603/p,Galleta María Carrefour 800 g.,"1,55 €",,"1,94 €/kg",,La Despensa,Desayuno,Galletas,https://static.carrefour.es/hd_510x_/img_pim_food/602603_00_1.jpg
https://www.carrefour.es/supermercado/enjuague-bucal-cuidado-total-listerine-500-ml/R-521009804/p,Enjuague bucal Cuidado Total Listerine 500 ml.,"5,09 €",,"1,02 €/100ml",,Perfumería e Higiene,Boca y Sonrisa,Enjuagues Bucales,https://static.carrefour.es/hd_510x_/img_pim_food/089842_00_1.jpg
https://www.carrefour.es/supermercado/caldo-natural-de-cocido-gallo-sin-gluten-y-sin-lactosa-brik-1-l/R-VC4AECOMM-082878/p,Caldo natural de cocido Gallo sin gluten y sin lactosa brik 1 l.,"1,99 €",,"1,99 €/l",,La Despensa,"Conservas, Sopas y Precocinados","Caldos, Sopas y Pure",https://static.carrefour.es/hd_510x_/img_pim_food/082878_00_1.jpg
https://www.carrefour.es/supermercado/fregona-hilo-superabsorbente-kh7-blanco/R-fprod1220406/p,Fregona Hilo Superabsorbente KH7 - Blanco,"2,99 €",,"2,99 €/ud",,Limpieza y Hogar,Utensilios de Limpieza,Fregonas,https://static.carrefour.es/hd_510x_/img_pim_food/278315_00_1.jpg
https://www.carrefour.es/supermercado/tarrito-de-zanahorias-guisantes-y-merluza-desde-6-meses-ecologico-hero-solo-sin-gluten-190-g/R-VC4AECOMM-251190/p,"Tarrito de zanahorias, guisantes y merluza desde 6 meses ecológico Hero Solo sin gluten 190 g.","2,79 €",,"14,68 €/kg",,Bebé,Alimentación infantil,Tarritos y Platos Preparados,https://static.carrefour.es/hd_510x_/img_pim_food/251190_00_1.jpg
https://www.carrefour.es/supermercado/miel-con-zumo-de-limon-granja-san-francisco-350-g/R-526627040/p,Miel con zumo de limón Granja San Francisco 350 g.,"6,65 €",,"19,00 €/kg",,La Despensa,Dulce,Miel,https://static.carrefour.es/hd_510x_/img_pim_food/121138_00_1.jpg
https://www.carrefour.es/supermercado/jabon-de-manos-con-mandarina-y-camomila-para-todo-tipo-de-pieles-ecologico-carrefour-soft-bio-330-ml/R-VC4AECOMM-351918/p,Jabón de manos con mandarina y camomila para todo tipo de pieles ecológico Carrefour Soft Bio 330 ml.,"2,99 €",,"1,00 €/100ml",,Perfumería e Higiene,Baño e Higiene Corporal,Jabón de Manos,https://static.carrefour.es/hd_510x_/img_pim_food/351918_00_1.jpg
https://www.carrefour.es/supermercado/onevit-magnesio-colageno-vit-c-120-ud/R-VC4AECOMM-383622/p,Onevit magnesio + colágeno+ vit C 120 ud.,"11,89 €",,"16,51 €/100g",,Parafarmacia,Nutrición y Dietética,Complementos Vitamínicos,https://static.carrefour.es/hd_510x_/img_pim_food/383622_00_1.jpg
https://www.carrefour.es/supermercado/ensalada-california-de-atun-calvo-150-g/R-786413404/p,Ensalada California de atún Calvo 150 g.,"1,66 €",,"11,07 €/kg",,La Despensa,"Conservas, Sopas y Precocinados",Conservas de Vegetales,https://static.carrefour.es/hd_510x_/img_pim_food/873941_00_1.jpg
https://www.carrefour.es/supermercado/vermut-zarro-rojo-de-grifo-15-l/R-795705152/p,"Vermut Zarro rojo de grifo 1,5 l.","7,99 €",,"5,33 €/l",,Bebidas,Alcoholes,Vermouth,https://static.carrefour.es/hd_510x_/img_pim_food/896537_00_1.jpg
https://www.carrefour.es/supermercado/quinoa-blanca-y-roja-classic-carrefour-sin-gluten-pack-2-unidades-de-125-g/R-VC4AECOMM-113026/p,Quinoa blanca y roja Classic Carrefour sin gluten pack 2 unidades de 125 g.,"1,42 €",,"5,68 €/kg",,La Despensa,Alimentación,Arroz y Cous Cous,https://static.carrefour.es/hd_510x_/img_pim_food/113026_00_1.jpg
https://www.carrefour.es/supermercado/cafe-con-leche-en-capsulas-carrefour-compatible-con-dolce-gusto-16-unidades-de-10-g/R-fprod1280750/p,Café con leche en cápsulas Carrefour compatible con Dolce Gusto 16 unidades de 10 g.,"3,05 €",,"19,06 €/kg",,La Despensa,Desayuno,Cafés,https://static.carrefour.es/hd_510x_/img_pim_food/331356_00_1.jpg
https://www.carrefour.es/supermercado/patatas-alioli-carrefour-sin-gluten-450-g/R-prod250801/p,Patatas alioli Carrefour sin gluten 450 g.,"3,19 €",,"7,09 €/kg",,La Despensa,"Conservas, Sopas y Precocinados",Platos Preparados,https://static.carrefour.es/hd_510x_/img_pim_food/292092_00_1.jpg
https://www.carrefour.es/supermercado/barritas-de-cereales-con-chocolate-con-leche-y-coco-carrefour-6-unidades-de-2083-g/R-prod620540/p,"Barritas de cereales con chocolate con leche y coco Carrefour 6 unidades de 20,83 g.","1,51 €",,"12,08 €/kg",,La Despensa,Desayuno,Barritas,https://static.carrefour.es/hd_510x_/img_pim_food/841945_00_1.jpg
https://www.carrefour.es/supermercado/total-efect-7-in-one-antiedad-hidratante-spf15-olay-50-ml/R-prod420100/p,Total efect 7 in one Antiedad hidratante SPF15 Olay 50 ml.,"21,50 €",,"43,00 €/100ml",,Perfumería e Higiene,Cuidado y Protección Corporal,Piel,https://static.carrefour.es/hd_510x_/img_pim_food/822788_00_1.jpg
https://www.carrefour.es/supermercado/crema-de-verduras-mediterranea-classic-carrefour-sin-gluten-1-l/R-864105681/p,Crema de verduras mediterránea Classic Carrefour sin gluten 1 l.,"2,15 €",,"2,15 €/l",,La Despensa,"Conservas, Sopas y Precocinados","Caldos, Sopas y Pure",https://static.carrefour.es/hd_510x_/img_pim_food/151426_00_1.jpg
https://www.carrefour.es/supermercado/serum-facial-de-noche-retinol-24-olay-regenerist-40-ml/R-VC4AECOMM-453373/p,Sérum facial de noche Retinol 24 Olay Regenerist 40 ml.,"33,40 €",,"83,50 €/100ml",,Perfumería e Higiene,Cosmética,Rostro,https://static.carrefour.es/hd_510x_/img_pim_food/453373_00_1.jpg
https://www.carrefour.es/supermercado/dentifrico-para-dientes-sensibles-repair-protect-sensodyne-75-ml/R-601400980/p,Dentífrico para dientes sensibles Repair & Protect Sensodyne 75 ml.,"4,69 €",,"6,25 €/100ml",,Perfumería e Higiene,Boca y Sonrisa,Dentífricos,https://static.carrefour.es/hd_510x_/img_pim_food/367188_00_1.jpg
https://www.carrefour.es/supermercado/colorante-permanente-n-46-castano-marron-intensive-color-cream-palette-1-ud/R-600805805/p,Colorante permanente nº 4.6 castaño marrón Intensive Color Cream Palette 1 ud.,"4,79 €",,"4,79 €/ud",,Perfumería e Higiene,Cabello,Tinte,https://static.carrefour.es/hd_510x_/img_pim_food/366242_00_1.jpg
https://www.carrefour.es/supermercado/toallitas-humedas-higienicas-infantiles-carrefour-soft-100-ud/R-VC4AECOMM-002344/p,Toallitas húmedas higiénicas infantiles Carrefour Soft 100 ud.,"2,15 €",,"0,02 €/ud",,Bebé,Pañales y Toallitas,Toallitas,https://static.carrefour.es/hd_510x_/img_pim_food/002344_00_1.jpg
https://www.carrefour.es/supermercado/tiras-resistentes-carrefour-soft-40-ud/R-VC4AECOMM-147861/p,Tiras resistentes Carrefour Soft 40 ud.,"1,33 €",,"0,03 €/ud",,Parafarmacia,Botiquín,Apósitos y Gasas,https://static.carrefour.es/hd_510x_/img_pim_food/147861_00_1.jpg
https://www.carrefour.es/supermercado/calamares-en-salsa-americana-calvo-pack-de-3-unidades-de-48-g/R-521006464/p,Calamares en salsa americana Calvo pack de 3 unidades de 48 g.,"3,25 €",,"22,57 €/kg",,La Despensa,"Conservas, Sopas y Precocinados",Conservas de Pescado y Marisco,https://static.carrefour.es/hd_510x_/img_pim_food/020172_00_1.jpg
https://www.carrefour.es/supermercado/cereales-crunchy-2-chocolates-sabor-caramelo-carrefour-500-g/R-VC4AECOMM-180021/p,Cereales crunchy 2 chocolates sabor caramelo Carrefour 500 g.,"3,39 €",,"6,78 €/kg",,La Despensa,Desayuno,Cereales,https://static.carrefour.es/hd_510x_/img_pim_food/180021_00_1.jpg
https://www.carrefour.es/supermercado/leche-infantil-para-lactantes-con-regurgitaciones-nan-ar-lata-800-g/R-661402590/p,Leche infantil para lactantes con regurgitaciones Nan A.R. lata 800 g.,"30,40 €",,"38,00 €/kg",,Parafarmacia,Bebé,Leche infantil,https://static.carrefour.es/hd_510x_/img_pim_food/312452_00_1.jpg
https://www.carrefour.es/supermercado/crema-de-calabaza-classic-carrefour-sin-gluten-1-l/R-fprod1350139/p,Crema de calabaza Classic Carrefour sin gluten 1 l.,"2,15 €",,"2,15 €/l",,La Despensa,"Conservas, Sopas y Precocinados","Caldos, Sopas y Pure",https://static.carrefour.es/hd_510x_/img_pim_food/337395_00_1.jpg
https://www.carrefour.es/supermercado/yogur-liquido-natural-con-azucar-de-cana-carrefour-classic-pack-de-12-unidades-de-100-g/R-VC4AECOMM-083076/p,Yogur liquido natural con azúcar de caña Carrefour Classic´ pack de 12 unidades de 100 g.,"1,99 €",,"1,66 €/kg",,La Despensa,Yogures y Postres,Yogures Líquidos,https://static.carrefour.es/hd_510x_/img_pim_food/083076_00_1.jpg
https://www.carrefour.es/supermercado/pack-3-botellas-vino-tinto-joven-tempranillo-cune-do-ca-rioja-187-cl/R-VC4AECOMM-173221/p,"Pack 3 botellas vino tinto joven tempranillo Cune D.O. Ca Rioja 18,7 cl.","7,85 €",,"7,85 €/ud",,,,,https://static.carrefour.es/hd_510x_/img_pim_food/173221_00_1.jpg
https://www.carrefour.es/supermercado/arroz-redondo-integral-carrefour-1-kg/R-VC4AECOMM-689578/p,Arroz redondo integral Carrefour 1 kg.,"1,49 €",,"1,49 €/kg",,La Despensa,Alimentación,Arroz y Cous Cous,https://static.carrefour.es/hd_510x_/img_pim_food/689578_00_1.jpg
https://www.carrefour.es/supermercado/lubricante-original-base-agua-durex-50-ml/R-797926147/p,Lubricante original base agua Durex 50 ml.,"10,55 €",,"21,10 €/100ml",,Perfumería e Higiene,Bienestar Sexual,Lubricantes,https://static.carrefour.es/hd_510x_/img_pim_food/900862_00_1.jpg
https://www.carrefour.es/supermercado/cafe-molido-mezcla-saimaza-500-g/R-prod180266/p,Café molido mezcla Saimaza 500 g.,"6,45 €",,"12,90 €/kg",,La Despensa,Desayuno,Cafés,https://static.carrefour.es/hd_510x_/img_pim_food/087774_00_1.jpg
https://www.carrefour.es/supermercado/pizza-barbacoa-simpl-330-g/R-prod210350/p,Pizza barbacoa Simpl 330 g.,"2,35 €",,"7,12 €/kg",,La Despensa,"Conservas, Sopas y Precocinados",Pizzas,https://static.carrefour.es/hd_510x_/img_pim_food/262067_00_1.jpg
https://www.carrefour.es/supermercado/trina-de-manzana-sin-gas-15-l/R-698405681/p,"Trina de manzana sin gas 1,5 l.","1,77 €",,"1,18 €/l",,Bebidas,Refrescos,Sabores sin Gas,https://static.carrefour.es/hd_510x_/img_pim_food/324334_00_1.jpg
https://www.carrefour.es/supermercado/patata-lavada-carrefour-1-kg-aprox/R-VC4AECOMM-572092/p,Patata Lavada Carrefour 1 kg aprox,"2,03 €",,"2,03 €/kg",,Productos Frescos,Verduras y hortalizas,"Patatas, Cebollas y Ajos",https://static.carrefour.es/hd_510x_/img_pim_food/572092_00_1.jpg
https://www.carrefour.es/supermercado/chorizo-cular-iberico-bellota-50-raza-iberica-taco-los-plantios-valturra-pieza-400-g-aprox/R-prod731347/p,Chorizo cular ibérico bellota 50% raza ibérica taco Los Plantios Valturra pieza 400 g aprox,"9,60 €",,"24,00 €/kg",,Productos Frescos,Charcutería,"Chorizo, Lomo y Otros",https://static.carrefour.es/hd_510x_/img_pim_food/856787_00_1.jpg
https://www.carrefour.es/supermercado/pan-de-molde-proteico-proteina-plus-carrefour-sensation-250-g/R-VC4AECOMM-148411/p,Pan de molde proteico Proteína Plus Carrefour Sensation 250 g.,"3,09 €",,"12,36 €/kg",,La Despensa,"Panaderia, Bollería y Pastelería",Pan de Molde,https://static.carrefour.es/hd_510x_/img_pim_food/148411_00_1.jpg
https://www.carrefour.es/supermercado/gel-de-ducha-hidratacion-profunda-advanced-care-dove-400-ml/R-VC4AECOMM-376864/p,Gel de ducha hidratación profunda Advanced Care Dove 400 ml.,"4,35 €",,"1,09 €/100ml",,Perfumería e Higiene,Baño e Higiene Corporal,Geles de Baño,https://static.carrefour.es/hd_510x_/img_pim_food/376864_00_1.jpg
https://www.carrefour.es/supermercado/miel-de-flores-ecologica-carrefour-bio-500-g/R-VC4AECOMM-420438/p,Miel de flores ecológica Carrefour Bio 500 g.,"6,25 €",,"12,50 €/kg",,La Despensa,Dulce,Miel,https://static.carrefour.es/hd_510x_/img_pim_food/420438_00_1.jpg
https://www.carrefour.es/supermercado/cafe-ristretto-en-capsulas-marcilla-compatible-con-nespresso-40-unidades-de-52-g/R-prod770239/p,"Café ristretto en cápsulas Marcilla compatible con Nespresso 40 unidades de 5,2 g.","12,25 €",,"58,89 €/kg",,La Despensa,Desayuno,Cafés,https://static.carrefour.es/hd_510x_/img_pim_food/863459_00_1.jpg
https://www.carrefour.es/supermercado/gel-de-ducha-0-pieles-secas-science-les-cosmetiques-750-ml/R-VC4AECOMM-155307/p,Gel de ducha 0% pieles secas Science Les Cosmétiques 750 ml.,"2,05 €",,"0,27 €/100ml",,Perfumería e Higiene,Baño e Higiene Corporal,Geles de Baño,https://static.carrefour.es/hd_510x_/img_pim_food/155307_00_1.jpg
https://www.carrefour.es/supermercado/aceitunas-manzanilla-sabor-anchoa-aperitivo-500-g/R-prod280536/p,Aceitunas manzanilla sabor anchoa Aperitivo 500 g,"4,07 €",,"8,14 €/kg",,La Despensa,Aperitivos,Aceitunas y Encurtidos,https://static.carrefour.es/hd_510x_/img_pim_food/340478_00_1.jpg
https://www.carrefour.es/supermercado/galletas-rellenas-de-chocolate-ecologicas-carrefour-bio-260-g/R-VC4AECOMM-485337/p,Galletas rellenas de chocolate ecológicas Carrefour Bio 260 g.,"3,99 €",,"15,35 €/kg",,La Despensa,Desayuno,Galletas,https://static.carrefour.es/hd_510x_/img_pim_food/485337_00_1.jpg
https://www.carrefour.es/supermercado/gandul-facundo-425-g/R-638702067/p,Gandul Facundo 425 g.,"2,05 €",,"4,82 €/kg",,La Despensa,Alimentación,Legumbres,https://static.carrefour.es/hd_510x_/img_pim_food/624267_00_1.jpg
https://www.carrefour.es/supermercado/pizza-de-jamon-y-queso-con-salsa-mozzarella-pizza-salsa-campofrio-360-g/R-521033038/p,Pizza de jamón y queso con salsa mozzarella Pizza & Salsa Campofrío 360 g.,"2,95 €",,"8,19 €/kg",,La Despensa,"Conservas, Sopas y Precocinados",Pizzas,https://static.carrefour.es/hd_510x_/img_pim_food/610705_00_1.jpg
https://www.carrefour.es/supermercado/leche-entera-pascual-brik-1-l/R-521006986/p,Leche entera Pascual brik 1 l.,"1,40 €",,"1,40 €/l
- 8,40 €/6 uds.",,La Despensa,Lácteos,Leche,https://static.carrefour.es/hd_510x_/img_pim_food/003629_00_1.jpg
https://www.carrefour.es/supermercado/crema-de-cacao-con-avellanas-nutella-sin-gluten-450-g/R-819114608/p,Crema de cacao con avellanas Nutella sin gluten 450 g.,"5,09 €",,"11,31 €/kg",,La Despensa,Dulce,"Cremas de Cacao, Avellana y Cacahuete",https://static.carrefour.es/hd_510x_/img_pim_food/944197_00_1.jpg
https://www.carrefour.es/supermercado/canelones-de-carne-price-300g/R-VC4AECOMM-203215/p,Canelones de carne Price 300g.,"1,11 €",,"3,70 €/kg",,Congelados,Rebozados y Platos Preparados,,https://static.carrefour.es/hd_510x_/img_pim_food/203215_00_1.jpg
https://www.carrefour.es/supermercado/queso-tierno-en-lonchas-carrefour-200-g/R-521030523/p,Queso tierno en lonchas Carrefour 200 g.,"2,09 €",,"10,45 €/kg",,Productos Frescos,Quesos,Tierno,https://static.carrefour.es/hd_510x_/img_pim_food/424955_00_1.jpg
https://www.carrefour.es/supermercado/drena-fort-sanon-sin-gluten-250-ml/R-790114439/p,Drena fort Sanon sin gluten 250 ml.,"7,79 €",,"3,12 €/100ml",,Parafarmacia,Nutrición y Dietética,Complementos Vitamínicos,https://static.carrefour.es/hd_510x_/img_pim_food/886323_00_1.jpg
https://www.carrefour.es/supermercado/mix-de-frutos-secos-ecologico-carrefour-bio-doy-pack-125-g/R-VC4AECOMM-464913/p,Mix de frutos secos ecológico Carrefour Bio doy pack 125 g.,"3,29 €",,"26,32 €/kg",,La Despensa,Aperitivos,Frutos Secos,https://static.carrefour.es/hd_510x_/img_pim_food/464913_00_1.jpg
https://www.carrefour.es/supermercado/filete-de-vacuno-anojo-ecologico-carrefour-bio-500-g-aprox/R-prod1070057/p,Filete de Vacuno Añojo Ecológico Carrefour Bio 500 g aprox,"10,45 €",,"20,90 €/kg",,Productos Frescos,Carnicería,Vacuno,https://static.carrefour.es/hd_510x_/img_pim_food/126470_00_1.jpg
https://www.carrefour.es/supermercado/pizza-hawaii-ristorante-dr-oetker-355-g/R-prod310184/p,Pizza hawaii Ristorante Dr. Oetker 355 g.,"3,89 €",,"10,96 €/kg",,Congelados,Pizzas Congeladas,,https://static.carrefour.es/hd_510x_/img_pim_food/242642_00_1.jpg
https://www.carrefour.es/supermercado/chocolate-negro-70-con-almendras-enteras-y-stevia-sin-azucar-anadido-valor-sin-gluten-150-g/R-835604838/p,Chocolate negro 70% con almendras enteras y stevia sin azúcar añadido Valor sin gluten 150 g.,"3,79 €",,"25,27 €/kg",,La Despensa,Dulce,Bombones y Chocolates,https://static.carrefour.es/hd_510x_/img_pim_food/972437_00_1.jpg
https://www.carrefour.es/supermercado/leche-desnatada-con-calcio-carrefour-brik-1-l/R-521006998/p,Leche desnatada con calcio Carrefour brik 1 l.,"0,93 €",,"0,93 €/l
- 5,58 €/6 uds.",,La Despensa,Lácteos,Leche,https://static.carrefour.es/hd_510x_/img_pim_food/231300_00_1.jpg
https://www.carrefour.es/supermercado/enjuague-bucal-blanqueador-menta-sabor-suave-sin-alcohol-advanced-white-listerine-500-ml/R-VC4AECOMM-492621/p,Enjuague bucal blanqueador menta sabor suave sin alcohol Advanced White Listerine 500 ml.,"5,09 €",,"1,02 €/100ml",,Perfumería e Higiene,Boca y Sonrisa,Enjuagues Bucales,https://static.carrefour.es/hd_510x_/img_pim_food/492621_00_1.jpg
https://www.carrefour.es/supermercado/tarta-de-fresas-950-g/R-VC4AECOMM-724203/p,Tarta de fresas 950 g,"18,90 €",,"19,89 €/kg",,Productos Frescos,Panadería Tradicional,Pastelería y Repostería,https://static.carrefour.es/hd_510x_/img_pim_food/724203_00_1.jpg
https://www.carrefour.es/supermercado/magdalenas-valencianas-carrefour-no-gluten-sin-gluten-y-sin-lactosa-220-g/R-VC4AECOMM-434160/p,Magdalenas valencianas Carrefour No Gluten sin gluten y sin lactosa 220 g.,"4,85 €",,"22,05 €/kg",,La Despensa,"Panaderia, Bollería y Pastelería",Bollería,https://static.carrefour.es/hd_510x_/img_pim_food/434160_00_1.jpg
https://www.carrefour.es/supermercado/barrita-energetica-de-chocolate-negro-226-ers-40-g/R-VC4AECOMM-352056/p,Barrita energética de chocolate negro 226 ERS 40 g.,"2,25 €",,"56,25 €/kg",,La Despensa,Desayuno,Barritas,https://static.carrefour.es/hd_510x_/img_pim_food/352056_00_1.jpg
https://www.carrefour.es/supermercado/vino-blanco-moscat-natureo-sin-alcohol-75-cl/R-546003919/p,Natureo Blanco 2023,"8,75 €",,"11,67 €/l",,Bebidas,Vinos,Blanco,https://static.carrefour.es/hd_510x_/img_pim_food/256014_00_1.jpg
https://www.carrefour.es/supermercado/preparado-lacteo-flora-folic-b-ligera-brik-1-l/R-531201976/p,Preparado lácteo Flora Folic B Ligera brik 1 l.,"2,19 €",,"2,19 €/l",,La Despensa,Lácteos,Leche,https://static.carrefour.es/hd_510x_/img_pim_food/196280_00_1.jpg
https://www.carrefour.es/supermercado/complemento-alimenticio-curcuma-y-pimienta-en-capsulas-naturcesta-90-ud/R-prod410286/p,Complemento alimenticio cúrcuma y pimienta en cápsulas NaturCesta 90 ud.,"7,59 €",,"19,46 €/100g",,La Despensa,Alimentación,Vitaminas y Complementos,https://static.carrefour.es/hd_510x_/img_pim_food/696332_00_1.jpg
https://www.carrefour.es/supermercado/chocolate-negro-78-lindt-excellence-100-g/R-prod221388/p,Chocolate negro 78% Lindt Excellence 100 g.,"3,29 €",,"32,90 €/kg",,La Despensa,Dulce,Bombones y Chocolates,https://static.carrefour.es/hd_510x_/img_pim_food/223816_00_1.jpg
https://www.carrefour.es/supermercado/tarta-de-mango-sin-azucar-anadido-450-g/R-VC4AECOMM-406639/p,Tarta de mango sin azúcar añadido 450 g,"9,95 €","8,90 €","9.950,00 €/kg","8.900,00 €/kg",Productos Frescos,Panadería Tradicional,Pastelería y Repostería,https://static.carrefour.es/hd_510x_/img_pim_food/406639_00_1.jpg
https://www.carrefour.es/supermercado/queso-fresco-de-burgos-bajo-contenido-de-sal-carrefour-pack-de-4-unidades-de-625-g/R-521030563/p,"Queso fresco de Burgos bajo contenido de sal Carrefour pack de 4 unidades de 62,5 g.","1,63 €",,"6,52 €/kg",,Productos Frescos,Quesos,Todos los Quesos,https://static.carrefour.es/hd_510x_/img_pim_food/706347_00_1.jpg
https://www.carrefour.es/supermercado/crema-de-manos-rapida-absorcion-neutrogena-pack-2-unidades-75-ml/R-843700628/p,Crema de manos rápida absorción Neutrogena pack 2 unidades 75 ml.,"9,90 €",,"6,60 €/100ml",,Parafarmacia,Cuidado de manos y pies,Crema de Manos,https://static.carrefour.es/hd_510x_/img_pim_food/986705_00_1.jpg
https://www.carrefour.es/supermercado/zumo-de-manzana-carrefour-brik-1-l/R-820614218/p,Zumo de manzana Carrefour brik 1 l.,"0,65 €",,"0,65 €/l",,Bebidas,Aguas y Zumos,Zumos no Refrigerados,https://static.carrefour.es/hd_510x_/img_pim_food/955067_00_1.jpg
https://www.carrefour.es/supermercado/corrector-de-ojeras-e-imperfecciones-acabado-natural-pieles-claras-fit-me-tono-15-fair-maybelline-new-york-1-ud/R-653901805/p,Corrector de ojeras e imperfecciones acabado natural pieles claras Fit Me tono 15 Fair Maybelline New York 1 ud.,"7,59 €",,"7,59 €/ud",,Perfumería e Higiene,Cosmética,Rostro,https://static.carrefour.es/hd_510x_/img_pim_food/201217_00_1.jpg
https://www.carrefour.es/supermercado/crema-intensiva-anti-edad-loreal-revitalift-50-ml/R-733759663/p,Crema intensiva anti-edad L'Oréal-Revitalift 50 ml.,"9,75 €",,"19,50 €/100ml",,Perfumería e Higiene,Cuidado y Protección Corporal,Piel,https://static.carrefour.es/hd_510x_/img_pim_food/690960_00_1.jpg
https://www.carrefour.es/supermercado/galletas-con-chocolate-y-limon-devoragras-bicentury-sin-aceite-de-palma-160-g/R-521008638/p,Galletas con chocolate y limón Devoragras Bicentury sin aceite de palma 160 g.,"2,79 €",,"16,61 €/kg",,La Despensa,Desayuno,Galletas,https://static.carrefour.es/hd_510x_/img_pim_food/642478_00_1.jpg
https://www.carrefour.es/supermercado/galletas-dinosaurus-artiach-185-g/R-521002925/p,Galletas Dinosaurus Artiach 185 g.,"1,99 €",,"10,76 €/kg",,La Despensa,Desayuno,Galletas,https://static.carrefour.es/hd_510x_/img_pim_food/001703_00_1.jpg
https://www.carrefour.es/supermercado/cerveza-mahou-clasica-lata-50-cl/R-520661336/p,Cerveza Mahou clásica lata 50 cl.,"1,15 €",,"2,30 €/l",,Bebidas,Cerveza,Todas las Cervezas,https://static.carrefour.es/hd_510x_/img_pim_food/189537_00_1.jpg
https://www.carrefour.es/supermercado/cereales-de-trigo-integral-arroz-y-avena-integral-tostados-con-chocolate-con-leche-fitness-nestle-540-g/R-540201772/p,"Cereales de trigo integral, arroz y avena integral tostados con chocolate con leche Fitness Nestlé 540 g.","5,15 €",,"9,54 €/kg",,,,,https://static.carrefour.es/hd_510x_/img_pim_food/174764_00_1.jpg
https://www.carrefour.es/supermercado/aceite-refinado-de-semillas-abaco-1-l/R-VC4AECOMM-778993/p,Aceite refinado de semillas Abaco 1 l.,"1,86 €",,"1,86 €/l",,La Despensa,Alimentación,Aceites y vinagres,https://static.carrefour.es/hd_510x_/img_pim_food/778993_00_1.jpg
https://www.carrefour.es/supermercado/almendras-fritas-y-saladas-carrefour-200-g/R-861000490/p,Almendras fritas y saladas Carrefour 200 g.,"2,55 €",,"12,75 €/kg",,La Despensa,Aperitivos,Frutos Secos,https://static.carrefour.es/hd_510x_/img_pim_food/129228_00_1.jpg
https://www.carrefour.es/supermercado/nachos-clasicos-sensation-carrefour-sin-gluten-200-g/R-VC4AECOMM-696559/p,Nachos clásicos Sensation Carrefour sin gluten 200 g.,"0,99 €",,"4,95 €/kg",,La Despensa,Aperitivos,Snacks,https://static.carrefour.es/hd_510x_/img_pim_food/696559_00_1.jpg
https://www.carrefour.es/supermercado/torreznos-sabor-jamon-iberico-carrefour-el-mercado-125-g/R-VC4AECOMM-413920/p,Torreznos sabor jamón ibérico Carrefour el Mercado 125 g.,"2,95 €",,"23,60 €/kg",,Productos Frescos,Platos Preparados Cocinados,Fritos,https://static.carrefour.es/hd_510x_/img_pim_food/413920_00_1.jpg
https://www.carrefour.es/supermercado/galletas-maria-gullon-sin-gluten-y-sin-lactosa-380-g/R-651303741/p,Galletas María Gullón sin gluten y sin lactosa 380 g.,"3,15 €",,"8,29 €/kg",,La Despensa,Desayuno,Galletas,https://static.carrefour.es/hd_510x_/img_pim_food/815998_00_1.jpg
https://www.carrefour.es/supermercado/vodka-moskovskaya-70-cl/R-530362788/p,Vodka Moskovskaya 70 cl.,"11,75 €",,"16,79 €/l",,Bebidas,Alcoholes,Vodka,https://static.carrefour.es/hd_510x_/img_pim_food/000333_00_1.jpg
https://www.carrefour.es/supermercado/galletas-maria-carrefour-classic-sin-aceite-de-palma-600-g/R-521002761/p,Galletas María Carrefour Classic sin aceite de palma 600 g.,"1,92 €",,"3,20 €/kg",,La Despensa,Desayuno,Galletas,https://static.carrefour.es/hd_510x_/img_pim_food/511812_00_1.jpg
https://www.carrefour.es/supermercado/limpiador-vitroceramica-e-induccion-en-crema-vitroclen-450-ml/R-521009076/p,Limpiador vitrocerámica e inducción en crema Vitroclen 450 ml.,"5,25 €",,"11,67 €/l",,Limpieza y Hogar,Productos para Cocina,Vitrocerámicas e Inducción,https://static.carrefour.es/hd_510x_/img_pim_food/796365_00_1.jpg
https://www.carrefour.es/supermercado/parche-anti-acne-invisible-hero-24-ud/R-VC4AECOMM-455132/p,Parche anti-acne invisible Hero 24 ud.,"13,09 €",,"0,55 €/ud",,Parafarmacia,Cuidado e higiene facial,Cuidado Acné,https://static.carrefour.es/hd_510x_/img_pim_food/455132_00_1.jpg
https://www.carrefour.es/supermercado/red-bull-bebida-energetica-fruta-del-dragon-lata-25-cl/R-VC4AECOMM-695561/p,Red Bull Bebida Energética fruta del dragón lata 25 cl,"1,62 €",,"6,48 €/l",,Bebidas,Refrescos,Energéticas,https://static.carrefour.es/hd_510x_/img_pim_food/695561_00_1.jpg
https://www.carrefour.es/supermercado/dentifrico-para-dientes-sensibles-sensibilidad-encias-blanqueante-sensodyne-75-ml/R-prod1020159/p,Dentífrico para dientes sensibles Sensibilidad & Encías Blanqueante Sensodyne 75 ml.,"4,69 €",,"6,25 €/100ml",,Perfumería e Higiene,Boca y Sonrisa,Dentífricos,https://static.carrefour.es/hd_510x_/img_pim_food/093204_00_1.jpg
https://www.carrefour.es/supermercado/crema-fijadora-para-protesis-dentales-maximo-sellado-corega-40-g/R-prod810747/p,Crema fijadora para prótesis dentales máximo sellado Corega 40 g.,"11,55 €",,"28,87 €/100g",,Parafarmacia,Higiene Bucal,Cuidado y Fijación Prótesis Dentales,https://static.carrefour.es/hd_510x_/img_pim_food/232679_00_1.jpg
https://www.carrefour.es/supermercado/bolsita-de-4-frutas-desde-4-meses-nestle-sin-gluten-y-sin-azucar-anadido-pack-de-4-unidades-de-90-g/R-fprod1280129/p,Bolsita de 4 frutas desde 4 meses Nestlé sin gluten y sin azúcar añadido pack de 4 unidades de 90 g.,"4,99 €",,"13,86 €/kg",,Bebé,Alimentación infantil,"Postres, Zumos, Petit y Yogures Infantiles",https://static.carrefour.es/hd_510x_/img_pim_food/327751_00_1.jpg
https://www.carrefour.es/supermercado/pescado-para-fritura-congelado-carrefour-600-g/R-VC4AECOMM-555466/p,Pescado para fritura congelado Carrefour 600 g.,"5,69 €",,"9,48 €/kg",,Congelados,Pescados Congelados,,https://static.carrefour.es/hd_510x_/img_pim_food/555466_00_1.jpg
https://www.carrefour.es/supermercado/nuggets-chilli-cheese-pickers-by-mccain-230-g/R-VC4AECOMM-065088/p,Nuggets chilli cheese Pickers by McCain 230 g.,"4,45 €",,"19,35 €/kg",,Congelados,Rebozados y Platos Preparados,,https://static.carrefour.es/hd_510x_/img_pim_food/065088_00_1.jpg
https://www.carrefour.es/supermercado/alas-partidas-de-pollo-carrefour-el-mercado-500-g-aprox/R-525964728/p,Alas Partidas de Pollo Carrefour El Mercado 500 g aprox,"2,59 €",,"5,19 €/kg",,Productos Frescos,Carnicería,Aves y Pollo,https://static.carrefour.es/hd_510x_/img_pim_food/711596_00_1.jpg
https://www.carrefour.es/supermercado/cereales-all-bran-natural-kelloggs-sin-azucar-anadido-450-g/R-VC4AECOMM-799640/p,Cereales All Bran Natural Kellogg´s sin azúcar añadido 450 g.,"3,95 €",,"8,78 €/kg",,La Despensa,Desayuno,Cereales,https://static.carrefour.es/hd_510x_/img_pim_food/799640_00_1.jpg
https://www.carrefour.es/supermercado/tortas-de-aceite-ines-rosales-180-g/R-521008126/p,Tortas de aceite Inés Rosales 180 g.,"2,19 €",,"12,17 €/kg",,La Despensa,"Panaderia, Bollería y Pastelería",Bollería,https://static.carrefour.es/hd_510x_/img_pim_food/046706_00_1.jpg
https://www.carrefour.es/supermercado/papel-higienico-original-scottex-36-rollos/R-VC4AECOMM-162292/p,Papel higiénico Original Scottex 36 rollos.,"13,35 €",,"0,37 €/ud",,Limpieza y Hogar,Papel y Celulosa,Papel Higiénico,https://static.carrefour.es/hd_510x_/img_pim_food/162292_00_1.jpg
https://www.carrefour.es/supermercado/papel-higienico-ecologico-pure-natural-colhogar-12-rollos/R-VC4AECOMM-588400/p,Papel higiénico ecológico Pure Natural Colhogar 12 rollos,"9,05 €",,"0,75 €/ud",,Limpieza y Hogar,Papel y Celulosa,Papel Higiénico,https://static.carrefour.es/hd_510x_/img_pim_food/588400_00_1.jpg
https://www.carrefour.es/supermercado/vino-do-rioja-tinto-crianza-ramon-bilbao-375-cl/R-842200634/p,"Vino D.O. Rioja tinto crianza Ramón Bilbao 37,5 cl.","6,09 €",,"6,09 €/ud",,Bebidas,Vinos,Tinto,https://static.carrefour.es/hd_510x_/img_pim_food/981892_00_1.jpg
https://www.carrefour.es/supermercado/pipas-de-girasol-bajo-contenido-en-sal-carrefour-125-g/R-680401747/p,Pipas de girasol bajo contenido en sal Carrefour 125 g.,"1,19 €",,"9,52 €/kg",,La Despensa,Aperitivos,Frutos Secos,https://static.carrefour.es/hd_510x_/img_pim_food/061283_00_1.jpg
https://www.carrefour.es/supermercado/galletas-de-yogur-y-chocolate-bicentury-160-g/R-521009003/p,Galletas de yogur y chocolate Bicentury 160 g.,"2,79 €",,"17,44 €/kg",,La Despensa,Desayuno,Galletas,https://static.carrefour.es/hd_510x_/img_pim_food/736955_00_1.jpg
https://www.carrefour.es/supermercado/snack-delicias-de-leche-para-gato-purina-felix-60-g/R-prod770089/p,Snack delicias de leche para gato Purina Felix 60 g,"1,85 €",,"30,83 €/kg",,Mascotas,Gatos,Premios y Snacks,https://static.carrefour.es/hd_510x_/img_pim_food/862734_00_1.jpg
https://www.carrefour.es/supermercado/bebida-de-frutas-de-naranja-y-uva-juver-sin-azucar-anadido-2-l/R-VC4AECOMM-311402/p,Bebida de frutas de naranja y uva Juver sin azúcar añadido 2 l.,"4,15 €",,"2,07 €/l",,Bebidas,Aguas y Zumos,Zumos no Refrigerados,https://static.carrefour.es/hd_510x_/img_pim_food/311402_00_1.jpg
https://www.carrefour.es/supermercado/polen-de-flores-el-brezal-235-g/R-VC4AECOMM-435545/p,Polen de flores El Brezal 235 g.,"6,05 €",,"25,74 €/kg",,La Despensa,Dulce,Miel,https://static.carrefour.es/hd_510x_/img_pim_food/435545_00_1.jpg
https://www.carrefour.es/supermercado/vino-frizzante-blanco-joven-capel-75-cl/R-520661396/p,Vino frizzante blanco joven Capel 75 cl.,"3,05 €",,"3,05 €/ud",,Bebidas,Vinos,Blanco,https://static.carrefour.es/hd_510x_/img_pim_food/000177_00_1.jpg
https://www.carrefour.es/supermercado/chupete-anatomico-de-silicona-nino-6-18m-ultra-air-philips-avent-2-ud/R-VC4AECOMM-303465/p,Chupete anatómico de silicona niño 6-18m Ultra Air Philips Avent 2 ud.,"7,79 €",,"3,89 €/ud",,Parafarmacia,Bebé,Puericultura,https://static.carrefour.es/hd_510x_/img_pim_food/303465_00_1.jpg
https://www.carrefour.es/supermercado/guindillas-de-ibarra-de-nuestra-tierra-120-g/R-fprod1230022/p,Guindillas de Ibarra De Nuestra Tierra 120 g.,"4,75 €",,"39,58 €/kg",,La Despensa,Aperitivos,Aceitunas y Encurtidos,https://static.carrefour.es/hd_510x_/img_pim_food/284059_00_1.jpg
https://www.carrefour.es/supermercado/papilla-infantil-desde-5-meses-8-cereales-blevit-optimum-sin-azucar-anadido-250-g/R-VC4AECOMM-324654/p,Papilla infantil desde 5 meses 8 cereales Blevit Optimum sin azúcar añadido 250 g.,"6,69 €",,"26,76 €/kg",,Parafarmacia,Bebé,Papillas y Galletas,https://static.carrefour.es/hd_510x_/img_pim_food/324654_00_1.jpg
https://www.carrefour.es/supermercado/crema-de-cacao-y-leche-con-avellanas-nocilla-sin-gluten-750-g/R-625820279/p,Crema de cacao y leche con avellanas Nocilla sin gluten 750 g.,"6,39 €",,"8,52 €/kg",,La Despensa,Dulce,"Cremas de Cacao, Avellana y Cacahuete",https://static.carrefour.es/hd_510x_/img_pim_food/802784_00_1.jpg
https://www.carrefour.es/supermercado/bebida-de-almendra-sin-azucar-ecologica-ecocesta-sin-lactosa-brik-1-l/R-prod750081/p,Bebida de almendra sin azúcar ecológica EcoCesta sin lactosa brik 1 l.,"3,19 €",,"3,19 €/l",,La Despensa,Lácteos,Bebida Vegetal,https://static.carrefour.es/hd_510x_/img_pim_food/858248_00_1.jpg
https://www.carrefour.es/supermercado/queso-de-vaca-semicurado-cuna-cortada-old-amsterdam-sin-lactosa-200-g/R-VC4AECOMM-681576/p,Queso de vaca semicurado cuña cortada Old Amsterdam sin lactosa 200 g.,"5,25 €",,"26,25 €/kg",,Productos Frescos,Quesos,Todos los Quesos,https://static.carrefour.es/hd_510x_/img_pim_food/681576_00_1.jpg
https://www.carrefour.es/supermercado/pizza-carbonara-pizza-salsa-campofrio-360-g/R-675801637/p,Pizza carbonara Pizza & Salsa Campofrío 360 g.,"2,95 €",,"8,19 €/kg",,La Despensa,"Conservas, Sopas y Precocinados",Pizzas,https://static.carrefour.es/hd_510x_/img_pim_food/032229_00_1.jpg
https://www.carrefour.es/supermercado/zinc-en-comprimidos-h4u-30-ud/R-VC4AECOMM-233263/p,Zinc en comprimidos H4U 30 ud.,"4,49 €",,"29,93 €/100g",,Parafarmacia,Nutrición y Dietética,Complementos Vitamínicos,https://static.carrefour.es/hd_510x_/img_pim_food/233263_00_1.jpg
https://www.carrefour.es/supermercado/caramelos-de-goma-regaliz-black-edition-haribo-100-g/R-VC4AECOMM-660132/p,Caramelos de goma regaliz Black Edition Haribo 100 g.,"1,58 €",,"15,80 €/kg",,La Despensa,Dulce,Dulces y Golosinas,https://static.carrefour.es/hd_510x_/img_pim_food/660132_00_1.jpg
https://www.carrefour.es/supermercado/chupetes-soothies-de-silicona-0-6-meses-nino-philips-avent-2-ud/R-VC4AECOMM-432168/p,Chupetes Soothies de silicona 0-6 meses niño Philips Avent 2 ud.,"8,69 €",,"8,69 €/ud",,Parafarmacia,Bebé,Puericultura,https://static.carrefour.es/hd_510x_/img_pim_food/432168_00_1.jpg
https://www.carrefour.es/supermercado/cepillo-dental-suace-access-vitis-2-ud/R-prod224246/p,Cepillo dental suace access Vitis 2 ud.,"8,25 €",,"4,12 €/ud",,Parafarmacia,Higiene Bucal,Cepillos y Seda,https://static.carrefour.es/hd_510x_/img_pim_food/773439_00_1.jpg
https://www.carrefour.es/supermercado/pechuga-de-pavo-al-natural-alto-en-proteinas-frinsa-104-g/R-VC4AECOMM-206255/p,Pechuga de pavo al natural alto en proteínas Frinsa 104 g.,"4,09 €",,"39,33 €/kg",,La Despensa,"Conservas, Sopas y Precocinados",Conservas de Carne,https://static.carrefour.es/hd_510x_/img_pim_food/206255_00_1.jpg
https://www.carrefour.es/supermercado/fresa-deshidratada-granel-300-g-aprox/R-VC4AECOMM-035033/p,Fresa deshidratada granel 300 g aprox,"6,30 €",,"20,99 €/kg",,La Despensa,Aperitivos,Frutas Desecadas,https://static.carrefour.es/hd_510x_/img_pim_food/035033_00_1.jpg
https://www.carrefour.es/supermercado/cava-codorniu-anna-brut-rose-75-cl/R-520662235/p,Anna De Codorniu,"9,49 €",,"9,49 €/ud",,,,,https://static.carrefour.es/hd_510x_/img_pim_food/747443_00_1.jpg
https://www.carrefour.es/supermercado/valeriana-pronutri-60-ud/R-VC4AECOMM-146753/p,Valeriana ProNutri 60 ud.,"4,69 €",,"223,33 €/kg",,Parafarmacia,Nutrición y Dietética,Complementos Vitamínicos,https://static.carrefour.es/hd_510x_/img_pim_food/146753_00_1.jpg
https://www.carrefour.es/supermercado/jamoncito-de-pollo-ecologico-carrefour-bio-500-g-aprox/R-fprod1310073/p,Jamoncito de pollo ecológico Carrefour Bio 500 g aprox,"6,97 €",,"13,95 €/kg",,Productos Frescos,Carnicería,Aves y Pollo,https://static.carrefour.es/hd_510x_/img_pim_food/333863_00_1.jpg
https://www.carrefour.es/supermercado/parches-termicos-terapeuticos-para-dolor-de-cuello-hombros-y-munecas-thermacare-6-ud/R-VC4AECOMM-305389/p,"Parches térmicos terapéuticos para dolor de cuello, hombros y muñecas Thermacare 6 ud.","16,39 €",,"2,73 €/ud",,Parafarmacia,Botiquín,Alivio del Dolor,https://static.carrefour.es/hd_510x_/img_pim_food/305389_00_1.jpg
https://www.carrefour.es/supermercado/tiras-adhesivas-efecto-acolchado-maxima-proteccion-carrefour-soft-10-ud/R-720311687/p,Tiras adhesivas efecto acolchado máxima protección Carrefour Soft 10 ud.,"0,74 €",,"0,07 €/ud",,Parafarmacia,Botiquín,Apósitos y Gasas,https://static.carrefour.es/hd_510x_/img_pim_food/642386_00_1.jpg
https://www.carrefour.es/supermercado/gelatina-sabor-frutos-rojos-proteina-plus-0-materia-grasa-carrefour-sin-gluten-pack-de-4-unidades-de-100-g/R-VC4AECOMM-434281/p,Gelatina sabor frutos rojos Proteína Plus 0% materia grasa Carrefour sin gluten pack de 4 unidades de 100 g.,"1,55 €",,"3,87 €/kg",,La Despensa,Yogures y Postres,Gelatina,https://static.carrefour.es/hd_510x_/img_pim_food/434281_00_1.jpg
https://www.carrefour.es/supermercado/compresas-fina-y-segura-normal-con-alas-evax-12-ud/R-555701514/p,Compresas Fina y Segura normal con alas Evax 12 ud.,"1,73 €",,"0,14 €/ud",,Perfumería e Higiene,Higiene íntima,Compresas,https://static.carrefour.es/hd_510x_/img_pim_food/262484_00_1.jpg
https://www.carrefour.es/supermercado/vino-tinto-crianza-tempranillo-ecologico-el-coto-doca-rioja-75-cl/R-VC4AECOMM-059235/p,El Coto Tinto Crianza 2019,"9,79 €",,"9,79 €/ud",,,,,https://static.carrefour.es/hd_510x_/img_pim_food/059235_00_1.jpg
https://www.carrefour.es/supermercado/leche-infantil-para-lactantes-desde-el-primer-dia-enfamil-complete-800-g/R-fprod1410183/p,Leche infantil para lactantes desde el primer día Enfamil Complete 800 g.,"28,50 €",,"35,62 €/kg",,Parafarmacia,Bebé,Leche infantil,https://static.carrefour.es/hd_510x_/img_pim_food/363355_00_1.jpg
https://www.carrefour.es/supermercado/cava-codorniu-anna-brut-pack-de-3-botellas-de-20-cl/R-667401808/p,Cava Codorníu-Anna brut pack de 3 botellas de 20 cl.,"10,45 €",,"10,45 €/ud",,,,,https://static.carrefour.es/hd_510x_/img_pim_food/326888_00_1.jpg
https://www.carrefour.es/supermercado/caramelo-con-palo-melody-pops-chupa-chups-4-ud/R-777306484/p,Caramelo con palo Melody Pops Chupa Chups 4 ud.,"2,99 €",,"49,83 €/kg",,La Despensa,Dulce,Dulces y Golosinas,https://static.carrefour.es/hd_510x_/img_pim_food/775357_00_1.jpg
https://www.carrefour.es/supermercado/sal-para-lavavajillas-carrefour-5-kg/R-800535019/p,Sal para lavavajillas Carrefour 5 kg.,"2,25 €",,"0,45 €/kg",,Limpieza y Hogar,Productos para Cocina,Aditivos y limpiamáquinas,https://static.carrefour.es/hd_510x_/img_pim_food/906591_00_1.jpg
https://www.carrefour.es/supermercado/huevas-de-capelan-negras-royal-100-g/R-684101813/p,Huevas de capelán negras Royal 100 g.,"4,59 €",,"45,90 €/kg",,Productos Frescos,Pescadería,Ahumados y Huevas,https://static.carrefour.es/hd_510x_/img_pim_food/170138_00_1.jpg
https://www.carrefour.es/supermercado/pan-para-bocadillo-classic-carrefour-sin-gluten-y-si-lactosa-100-g/R-VC4AECOMM-622340/p,Pan para bocadillo Classic' Carrefour sin gluten y si lactosa 100 g.,"1,19 €",,"11,90 €/kg",,La Despensa,"Panaderia, Bollería y Pastelería",Especialidades de pan,https://static.carrefour.es/hd_510x_/img_pim_food/622340_00_1.jpg
https://www.carrefour.es/supermercado/yogur-estilo-griego-sabor-platano-y-caramelo-carrefour-sin-gluten-pack-de-4-unidades-de-125-g/R-prod690137/p,Yogur estilo griego sabor plátano y caramelo Carrefour sin gluten pack de 4 unidades de 125 g.,"1,78 €",,"3,56 €/kg",,La Despensa,Yogures y Postres,Yogures Griegos y Enriquecidos,https://static.carrefour.es/hd_510x_/img_pim_food/847707_00_1.jpg
https://www.carrefour.es/supermercado/picos-reventados-classic-carrefour-250-g/R-prod970954/p,Picos reventados Classic Carrefour 250 g.,"1,93 €",,"7,72 €/kg",,La Despensa,"Panaderia, Bollería y Pastelería","Colines, picos y crakers",https://static.carrefour.es/hd_510x_/img_pim_food/061672_00_1.jpg
https://www.carrefour.es/supermercado/chicles-de-fresa-klets-fini-sin-gluten-100-g/R-prod760097/p,Chicles de fresa Klét's Fini sin gluten 100 g.,"1,95 €",,"19,50 €/kg",,La Despensa,Dulce,Dulces y Golosinas,https://static.carrefour.es/hd_510x_/img_pim_food/859408_00_1.jpg
https://www.carrefour.es/supermercado/maquinilla-desechable-para-hombre-smooth-blue3-gillette-8-ud/R-VC4AECOMM-337951/p,Maquinilla desechable para hombre smooth Blue3 Gillette 8 ud.,"10,35 €",,"1,29 €/ud",,Perfumería e Higiene,Depilación y Afeitado,Maquinillas y Recambios,https://static.carrefour.es/hd_510x_/img_pim_food/337951_00_1.jpg
https://www.carrefour.es/supermercado/queso-rallado-parmesano-carrefour-extra-100-g/R-522714749/p,Queso rallado parmesano Carrefour Extra 100 g.,"2,29 €",,"22,90 €/kg",,Productos Frescos,Quesos,Rallados,https://static.carrefour.es/hd_510x_/img_pim_food/264543_00_1.jpg
https://www.carrefour.es/supermercado/desodorante-roll-on-antitranspirante-invisible-dry-proteccion-48h-advanced-care-dove-50-ml/R-VC4AECOMM-195371/p,Desodorante roll-on antitranspirante invisible dry protección 48h Advanced Care Dove 50 ml.,"2,49 €",,"4,98 €/100ml",,Perfumería e Higiene,Baño e Higiene Corporal,Desodorantes,https://static.carrefour.es/hd_510x_/img_pim_food/195371_00_1.jpg
https://www.carrefour.es/supermercado/bacon-en-cintas-casa-tarradellas-sin-gluten-150-g/R-VC4AECOMM-698149/p,Bacón en cintas Casa Tarradellas sin gluten 150 g,"1,85 €",,"12,33 €/kg",,Productos Frescos,Charcutería,Bacon y Panceta,https://static.carrefour.es/hd_510x_/img_pim_food/698149_00_1.jpg
https://www.carrefour.es/supermercado/infusion-pelo-fuerte-sabor-mango-y-coco-en-bolsitas-susaron-10-ud/R-VC4AECOMM-159695/p,Infusión pelo fuerte sabor mango y coco en bolsitas Susarón 10 ud.,"2,15 €",,"165,38 €/kg",,,,,https://static.carrefour.es/hd_510x_/img_pim_food/159695_00_1.jpg
https://www.carrefour.es/supermercado/batido-de-fresa-carrefour-sin-gluten-pack-de-3-brik-de-200-ml/R-VC4AECOMM-551212/p,"Batido de fresa Carrefour sin gluten pack de 3 brik de 200 ml,","1,34 €",,"2,23 €/l",,La Despensa,Lácteos,Batidos y Horchatas,https://static.carrefour.es/hd_510x_/img_pim_food/551212_00_1.jpg
https://www.carrefour.es/supermercado/perejil-carmencita-12-g/R-521005075/p,Perejil Carmencita 12 g.,"2,15 €",,"179,17 €/kg",,La Despensa,Alimentación,Especias y Sazonadores,https://static.carrefour.es/hd_510x_/img_pim_food/002179_00_1.jpg
https://www.carrefour.es/supermercado/tortas-de-aceite-con-naranja-ines-rosales-180-g/R-681408051/p,Tortas de aceite con naranja Inés Rosales 180 g.,"3,75 €",,"20,83 €/kg",,La Despensa,"Panaderia, Bollería y Pastelería",Bollería,https://static.carrefour.es/hd_510x_/img_pim_food/067352_00_1.jpg
https://www.carrefour.es/supermercado/patatas-fritas-en-aceite-de-oliva-ecologicas-soria-natural-sin-gluten-125-g/R-590205863/p,Patatas fritas en aceite de oliva ecológicas Soria Natural sin gluten 125 g.,"3,45 €",,"27,60 €/kg",,La Despensa,Aperitivos,Patatas Fritas,https://static.carrefour.es/hd_510x_/img_pim_food/184930_00_1.jpg
https://www.carrefour.es/supermercado/pera-blanquilla-carrefour-1-kg-aprox/R-581701543/p,Pera Blanquilla Carrefour 1 kg aprox,"2,64 €",,"2,64 €/kg",,Productos Frescos,Frutas,Manzanas y Peras,https://static.carrefour.es/hd_510x_/img_pim_food/293622_00_1.jpg
https://www.carrefour.es/supermercado/cider-ladron-de-manzanas-lata-33-cl/R-prod590264/p,Cider Ladrón de manzanas lata 33 cl.,"1,62 €",,"4,91 €/l",,Bebidas,Sidra,Cider,https://static.carrefour.es/hd_510x_/img_pim_food/838573_00_1.jpg
https://www.carrefour.es/supermercado/baguetina-enharinada-1-ud/R-fprod1210204/p,Baguetina Enharinada 1 ud.,"0,19 €",,"1,90 €/kg",,Productos Frescos,Panadería Tradicional,Pan Tradicional,https://static.carrefour.es/hd_510x_/img_pim_food/256179_00_1.jpg
https://www.carrefour.es/supermercado/crema-facial-para-piel-normal-y-mixta-rellenador-de-arrugas-hyaluron-filler-para-el-dia-con-fp15-eucerin-50-ml/R-600804745/p,Crema facial para piel normal y mixta rellenador de arrugas Hyaluron Filler para el día con FP15 Eucerin 50 ml.,"36,30 €",,"72,60 €/100ml",,Parafarmacia,Cuidado e higiene facial,Cremas faciales,https://static.carrefour.es/hd_510x_/img_pim_food/365021_00_1.jpg
https://www.carrefour.es/supermercado/maquinilla-venus-extra-smooth-snap-gillette-1-ud/R-VC4AECOMM-632327/p,Maquinilla Venus Extra Smooth Snap Gillette 1 ud.,"10,15 €",,"10,15 €/ud",,Perfumería e Higiene,Depilación y Afeitado,Maquinillas y Recambios,https://static.carrefour.es/hd_510x_/img_pim_food/632327_00_1.jpg
https://www.carrefour.es/supermercado/pan-chapata-integral-schar-sin-gluten-y-sin-lactosa-200-g/R-651303603/p,Pan chapata integral Schär sin gluten y sin lactosa 200 g.,"4,49 €",,"22,45 €/kg",,La Despensa,"Panaderia, Bollería y Pastelería",Especialidades de pan,https://static.carrefour.es/hd_510x_/img_pim_food/815216_00_1.jpg
https://www.carrefour.es/supermercado/tarrito-de-verduras-con-lentejas-y-jamon-desde-10-meses-hero-baby-sin-gluten-pack-de-2-unidades-de-235-g/R-VC4AECOMM-025492/p,Tarrito de verduras con lentejas y jamón desde 10 meses Hero Baby sin gluten pack de 2 unidades de 235 g.,"4,09 €",,"8,70 €/kg",,Bebé,Alimentación infantil,Tarritos y Platos Preparados,https://static.carrefour.es/hd_510x_/img_pim_food/025492_00_1.jpg
https://www.carrefour.es/supermercado/vino-tinto-joven-tempranillo-tinta-de-toro-24-mozas-do-toro-75-cl/R-prod1120002/p,24 Mozas Tinto 2022,"10,35 €",,"10,35 €/ud",,Bebidas,Vinos,Tinto,https://static.carrefour.es/hd_510x_/img_pim_food/152508_00_1.jpg
https://www.carrefour.es/supermercado/leche-fermentada-desnatada-con-melocoton-sin-azucar-anadido-kaiku-sin-gluten-sin-lactosa-pack-de-4-unidades-de-125-g/R-826601296/p,Leche fermentada desnatada con melocotón sin azúcar añadido Kaiku sin gluten sin lactosa pack de 4 unidades de 125 g.,"2,39 €",,"4,78 €/kg",,La Despensa,Yogures y Postres,Yogur Natural y Sabores,https://static.carrefour.es/hd_510x_/img_pim_food/960849_00_1.jpg
https://www.carrefour.es/supermercado/yogur-cremoso-con-fresas-carrefour-sensation-sin-gluten-500-g/R-VC4AECOMM-017705/p,Yogur cremoso con fresas Carrefour Sensation sin gluten 500 g.,"1,15 €",,"2,30 €/kg",,La Despensa,Yogures y Postres,Yogur Natural y Sabores,https://static.carrefour.es/hd_510x_/img_pim_food/017705_00_1.jpg
https://www.carrefour.es/supermercado/lenteja-categoria-extra-carrefour-1-kg/R-536500291/p,Lenteja categoría extra Carrefour 1 kg.,"1,99 €",,"1,99 €/kg",,La Despensa,Alimentación,Legumbres,https://static.carrefour.es/hd_510x_/img_pim_food/201629_00_1.jpg
https://www.carrefour.es/supermercado/champu-en-seco-original-batiste-200-ml/R-prod830248/p,Champú en seco original Batiste 200 ml.,"3,65 €",,"1,82 €/100ml",,Perfumería e Higiene,Cabello,Champús,https://static.carrefour.es/hd_510x_/img_pim_food/289363_00_1.jpg
https://www.carrefour.es/supermercado/gel-de-ducha-dermo-aceite-para-piel-normal-seca-biomeprotect-sanex-850-ml/R-VC4AECOMM-624122/p,Gel de ducha dermo aceite para piel normal-seca BiomeProtect Sanex 850 ml.,"3,89 €",,"0,46 €/100ml",,Perfumería e Higiene,Baño e Higiene Corporal,Geles de Baño,https://static.carrefour.es/hd_510x_/img_pim_food/624122_00_1.jpg
https://www.carrefour.es/supermercado/ambientador-automatico-bali-sandalwood-recambio-sense-spray-glade-1-ud/R-615001829/p,Ambientador automático bali sandalwood recambio Sense & Spray Glade 1 ud.,"3,99 €",,"3,99 €/ud",,Limpieza y Hogar,Ambientadores,Automáticos,https://static.carrefour.es/hd_510x_/img_pim_food/636552_00_1.jpg
https://www.carrefour.es/supermercado/agua-mineral-font-vella-50-cl/R-520661043/p,Agua mineral Font Vella 50 cl.,"0,69 €",,"1,38 €/l
- 4,14 €/6 uds.",,Bebidas,Aguas y Zumos,"Agua hasta 0,75 litros",https://static.carrefour.es/hd_510x_/img_pim_food/792209_00_1.jpg
https://www.carrefour.es/supermercado/bacon-100-vegetal-en-lonchas-foodys-120-g/R-prod930234/p,Bacon 100% Vegetal en lonchas Foodys 120 g,"3,95 €",,"32,92 €/kg",,Productos Frescos,Charcutería,Bacon y Panceta,https://static.carrefour.es/hd_510x_/img_pim_food/046021_00_1.jpg
https://www.carrefour.es/supermercado/champu-anticaspa-apple-fresh-hs-330-ml/R-VC4AECOMM-336894/p,Champú anticaspa apple fresh H&S 330 ml.,"5,45 €",,"1,65 €/100ml",,Perfumería e Higiene,Cabello,Champús,https://static.carrefour.es/hd_510x_/img_pim_food/336894_00_1.jpg
https://www.carrefour.es/supermercado/cerveza-artesana-carrefour-sensation-sin-gluten-botella-33-cl/R-VC4AECOMM-573248/p,Cerveza artesana Carrefour Sensation sin gluten botella 33 cl.,"1,10 €",,"3,33 €/l",,Bebidas,Cerveza,Artesanas,https://static.carrefour.es/hd_510x_/img_pim_food/573248_00_1.jpg
https://www.carrefour.es/supermercado/toallitas-captura-colores-iberia-protect-25-ud/R-prod700498/p,Toallitas captura colores Iberia Protect 25 ud.,"6,99 €",,"0,28 €/ud",,Limpieza y Hogar,Cuidado de la Ropa,Toallitas Atrapacolores,https://static.carrefour.es/hd_510x_/img_pim_food/849465_00_1.jpg
https://www.carrefour.es/supermercado/caramelos-sabor-menta-smint-pack-de-2-paquetes-de-50-ud/R-677701703/p,Caramelos sabor menta Smint pack de 2 paquetes de 50 ud.,"4,05 €",,"57,86 €/kg",,La Despensa,Dulce,Dulces y Golosinas,https://static.carrefour.es/hd_510x_/img_pim_food/044022_00_1.jpg
https://www.carrefour.es/supermercado/galletas-las-palmeras-carrefour-pack-de-2-unidades-de-100-g/R-prod880024/p,Galletas Las Palmeras Carrefour pack de 2 unidades de 100 g.,"3,69 €",,"18,45 €/kg",,La Despensa,Desayuno,Galletas,https://static.carrefour.es/hd_510x_/img_pim_food/308006_00_1.jpg
https://www.carrefour.es/supermercado/chupete-con-tetina-anatomica-sx-pro-de-silicona-18-meses-suavinex-2-ud/R-VC4AECOMM-625886/p,Chupete con tetina anatómica SX Pro de silicona +18 meses Suavinex 2 ud.,"7,45 €",,"3,72 €/ud",,Parafarmacia,Bebé,Puericultura,https://static.carrefour.es/hd_510x_/img_pim_food/625886_00_1.jpg
https://www.carrefour.es/supermercado/apositos-callos-tecnologia-hidrocoloide-carrefour-soft-8-ud/R-VC4AECOMM-265924/p,Apósitos callos tecnología hidrocoloide Carrefour Soft 8 ud.,"2,25 €",,"0,28 €/ud",,Parafarmacia,Botiquín,Apósitos y Gasas,https://static.carrefour.es/hd_510x_/img_pim_food/265924_00_1.jpg
https://www.carrefour.es/supermercado/leche-semidesnatada-pascual-sin-lactosa-brik-1-l/R-530362994/p,Leche semidesnatada Pascual sin lactosa brik 1 l.,"1,50 €",,"1,50 €/l
- 9,00 €/6 uds.",,La Despensa,Lácteos,Leche,https://static.carrefour.es/hd_510x_/img_pim_food/158606_00_1.jpg
https://www.carrefour.es/supermercado/croquetas-de-pollo-y-jamon-aldelis-380-g/R-526414427/p,Croquetas de Pollo y Jamón Aldelís 380 g,"3,99 €",,"10,50 €/kg",,Productos Frescos,Carnicería,Empanados,https://static.carrefour.es/hd_510x_/img_pim_food/617963_00_1.jpg
https://www.carrefour.es/supermercado/tallarines-con-pollo-al-curry-ta-tung-1-kg-aprox/R-prod240643/p,Tallarines con pollo al curry Ta-Tung 1 kg aprox,"13,00 €",,"13,00 €/kg",,Productos Frescos,Platos Preparados Cocinados,Cocina Internacional,https://static.carrefour.es/hd_510x_/img_pim_food/949242_00_1.jpg
https://www.carrefour.es/supermercado/chocolate-con-leche-relleno-de-triple-caramelo-milka-90-g/R-852900586/p,Chocolate con leche relleno de triple caramelo Milka 90 g.,"1,89 €",,"21,00 €/kg",,La Despensa,Dulce,Bombones y Chocolates,https://static.carrefour.es/hd_510x_/img_pim_food/063577_00_1.jpg
https://www.carrefour.es/supermercado/chocolate-con-leche-relleno-de-galleta-leche-y-chocolate-milka-300-g/R-521004407/p,"Chocolate con leche relleno de galleta, leche y chocolate Milka 300 g.","3,49 €",,"11,63 €/kg",,,,,https://static.carrefour.es/hd_510x_/img_pim_food/020306_00_1.jpg
https://www.carrefour.es/supermercado/arroz-integral-con-quinoa-roja-para-microondas-ecologico-carrefour-bio-pack-de-2-unidades-de-125-g/R-VC4AECOMM-652931/p,Arroz integral con quinoa roja para microondas ecológico Carrefour Bio pack de 2 unidades de 125 g.,"1,73 €",,"6,92 €/kg",,La Despensa,Alimentación,Arroz y Cous Cous,https://static.carrefour.es/hd_510x_/img_pim_food/652931_00_1.jpg
https://www.carrefour.es/supermercado/quitamanchas-textil-oxygen-power-carrefour-expert-500-ml/R-prod860699/p,Quitamanchas textil Oxygen Power Carrefour Expert 500 ml.,"1,27 €",,"2,54 €/l",,Limpieza y Hogar,Cuidado de la Ropa,Aditivos y quitamanchas,https://static.carrefour.es/hd_510x_/img_pim_food/395136_00_1.jpg
https://www.carrefour.es/supermercado/ensalada-mediterranea-carrefour-250-g/R-521006096/p,Ensalada Mediterránea Carrefour 250 g.,"2,09 €",,"6,74 €/kg",,La Despensa,"Conservas, Sopas y Precocinados",Platos Preparados,https://static.carrefour.es/hd_510x_/img_pim_food/678295_00_1.jpg
https://www.carrefour.es/supermercado/ambientador-de-armario-aire-limpio-ambar-1-ud/R-VC4AECOMM-618655/p,Ambientador de armario aire limpio Ambar 1 ud.,"1,13 €",,"1,13 €/ud",,Limpieza y Hogar,Ambientadores,Decorativos,https://static.carrefour.es/hd_510x_/img_pim_food/618655_00_1.jpg
https://www.carrefour.es/supermercado/bizcocho-brownie-milka-150-g/R-VC4AECOMM-246109/p,Bizcocho brownie Milka 150 g.,"3,29 €",,"21,93 €/kg",,La Despensa,"Panaderia, Bollería y Pastelería",Bollería,https://static.carrefour.es/hd_510x_/img_pim_food/246109_00_1.jpg
https://www.carrefour.es/supermercado/complemento-textil-limpieza-elimina-olores-carrefour-expert-15-l/R-VC4AECOMM-621354/p,"Complemento textil limpieza elimina olores Carrefour Expert 1,5 l.","3,65 €",,"2,43 €/l",,Limpieza y Hogar,Cuidado de la Ropa,Aditivos y quitamanchas,https://static.carrefour.es/hd_510x_/img_pim_food/621354_00_1.jpg
https://www.carrefour.es/supermercado/nectar-de-frutos-rojos-carrefour-brik-1-l/R-784208969/p,Néctar de frutos rojos Carrefour brik 1 l.,"1,65 €",,"1,65 €/l",,Bebidas,Aguas y Zumos,Zumos no Refrigerados,https://static.carrefour.es/hd_510x_/img_pim_food/870957_00_1.jpg
https://www.carrefour.es/supermercado/aceite-de-oliva-virgen-extra-de-nuestra-tierra-do-sierra-de-segura-lata-5-l/R-prod760045/p,Aceite de oliva virgen extra De Nuestra Tierra D.O. Sierra de Segura lata 5 l.,"52,36 €",,"10,47 €/l",,La Despensa,Alimentación,Aceites y vinagres,https://static.carrefour.es/hd_510x_/img_pim_food/859115_00_1.jpg
https://www.carrefour.es/supermercado/cereales-choco-krispies-kelloggs-420-g/R-521003268/p,Cereales choco krispies Kellogg's 420 g.,"3,55 €",,"8,45 €/kg",,La Despensa,Desayuno,Cereales,https://static.carrefour.es/hd_510x_/img_pim_food/001784_00_1.jpg
https://www.carrefour.es/supermercado/bebida-de-avena-y-chocolate-yosoy-brik-1-l/R-prod1010102/p,Bebida de avena y chocolate YoSoy brik 1 l.,"2,39 €",,"2,39 €/l",,La Despensa,Lácteos,Bebida Vegetal,https://static.carrefour.es/hd_510x_/img_pim_food/089327_00_1.jpg
https://www.carrefour.es/supermercado/dentifrico-blancura-revitalizante-3d-white-oral-b-75-ml/R-749528645/p,Dentífrico blancura revitalizante 3D White Oral-B 75 ml.,"3,79 €",,"5,05 €/100ml",,Perfumería e Higiene,Boca y Sonrisa,Dentífricos,https://static.carrefour.es/hd_510x_/img_pim_food/758707_00_1.jpg
https://www.carrefour.es/supermercado/preparado-de-carne-picada-de-vacuno-circulo-de-calidad-400-g/R-prod1070062/p,Preparado de carne picada de vacuno Círculo de Calidad 400 g,"4,59 €",,"11,47 €/kg",,Productos Frescos,Carnicería,Carne Picada,https://static.carrefour.es/hd_510x_/img_pim_food/126715_00_1.jpg
https://www.carrefour.es/supermercado/pizza-vegana-margherita-pomodori-ristorante-dr-oetker-340-g/R-prod360019/p,Pizza vegana margherita pomodori Ristorante Dr. Oetker 340 g,"4,25 €",,"12,50 €/kg",,Congelados,Pizzas Congeladas,,https://static.carrefour.es/hd_510x_/img_pim_food/314200_00_1.jpg
https://www.carrefour.es/supermercado/leche-desnatada-carrefour-botella-15-l/R-836924957/p,"Leche desnatada Carrefour botella 1,5 l.","1,39 €","1,36 €","0,93 €/l
- 8,34 €/6 uds.","0,91 €/l
- 8,16 €/6 uds.",La Despensa,Lácteos,Leche,https://static.carrefour.es/hd_510x_/img_pim_food/971660_00_1.jpg
https://www.carrefour.es/supermercado/chorizo-de-leon-picante-extra-en-lonchas-palcarsa-sin-gluten-y-sin-lactosa-100-g/R-VC4AECOMM-298677/p,Chorizo de León picante extra en lonchas Palcarsa sin gluten y sin lactosa 100 g,"2,45 €",,"24,50 €/kg",,Productos Frescos,Charcutería,"Chorizo, Lomo y Otros",https://static.carrefour.es/hd_510x_/img_pim_food/298677_00_1.jpg
https://www.carrefour.es/supermercado/almendras-banadas-en-chocolate-negro-extra-carrefour-sin-gluten-doy-pack-200-g/R-VC4AECOMM-115975/p,Almendras bañadas en chocolate negro Extra Carrefour sin gluten doy pack 200 g.,"4,29 €",,"21,45 €/kg",,La Despensa,Dulce,Bombones y Chocolates,https://static.carrefour.es/hd_510x_/img_pim_food/115975_00_1.jpg
https://www.carrefour.es/supermercado/muesli-ecologico-superfruits-carrefour-bio-sin-azucar-anadido-375-g/R-VC4AECOMM-463325/p,Muesli ecológico Superfruits Carrefour Bio sin azúcar añadido 375 g.,"2,95 €",,"7,87 €/kg",,La Despensa,Desayuno,Cereales,https://static.carrefour.es/hd_510x_/img_pim_food/463325_00_1.jpg
https://www.carrefour.es/supermercado/cortadillos-con-cabello-de-angel-ines-rosales-216-g/R-fprod1450130/p,Cortadillos con cabello de ángel Inés Rosales 216 g.,"2,15 €",,"9,95 €/kg",,La Despensa,"Panaderia, Bollería y Pastelería",Bollería,https://static.carrefour.es/hd_510x_/img_pim_food/381451_00_1.jpg
https://www.carrefour.es/supermercado/crema-catalana-melody-70-cl/R-520663110/p,Crema catalana Melody 70 cl.,"10,65 €",,"15,21 €/l",,Bebidas,Licores y Cremas,Cremas,https://static.carrefour.es/hd_510x_/img_pim_food/035502_00_1.jpg
https://www.carrefour.es/supermercado/macedonia-de-verduras-sin-sal-anadida-classic-carrefour-320-g/R-fprod1190238/p,Macedonia de verduras sin sal añadida Classic Carrefour 320 g.,"0,90 €",,"2,81 €/kg",,La Despensa,"Conservas, Sopas y Precocinados",Conservas de Vegetales,https://static.carrefour.es/hd_510x_/img_pim_food/238492_00_1.jpg
https://www.carrefour.es/supermercado/vermut-lustau-rojo-75-cl/R-856600466/p,Lustau Vermouth,"14,49 €",,"19,32 €/l",,Bebidas,Alcoholes,Vermouth,https://static.carrefour.es/hd_510x_/img_pim_food/093526_00_1.jpg
https://www.carrefour.es/supermercado/bizcocho-de-zanahoria-ecologico-la-granja-300-g/R-VC4AECOMM-491846/p,Bizcocho de Zanahoria Ecológico La Granja 300 g,"4,15 €",,"13,83 €/kg",,Productos Frescos,Panadería Tradicional,Bollería Tradicional,https://static.carrefour.es/hd_510x_/img_pim_food/491846_00_1.jpg
https://www.carrefour.es/supermercado/crema-hidratante-anti-fatiga-hydra-energetic-loreal-men-expert-50-ml/R-520664102/p,Crema hidratante Anti-Fatiga Hydra Energetic L'Oréal-Men Expert 50 ml.,"6,95 €",,"13,90 €/100ml",,Perfumería e Higiene,Cosmética,Rostro,https://static.carrefour.es/hd_510x_/img_pim_food/576748_00_1.jpg
https://www.carrefour.es/supermercado/naranjas-simply-5-kg/R-VC4AECOMM-385523/p,Naranjas Simply 5 kg,"8,45 €","5,95 €","1,69 €/kg","1,19 €/kg",Productos Frescos,Frutas,Naranjas y otros cítricos,https://static.carrefour.es/hd_510x_/img_pim_food/385523_00_1.jpg
https://www.carrefour.es/supermercado/galletas-integrales-con-arandanos-santiveri-sin-lactosa-y-sin-azucar-anadido-190-g/R-590208069/p,Galletas integrales con arándanos Santiveri sin lactosa y sin azúcar añadido 190 g.,"2,69 €",,"14,16 €/kg",,La Despensa,Desayuno,Galletas,https://static.carrefour.es/hd_510x_/img_pim_food/235373_00_1.jpg
https://www.carrefour.es/supermercado/crema-de-galletas-lotus-biscoff-400-g/R-prod720930/p,Crema de galletas Lotus Biscoff 400 g.,"3,55 €",,"8,87 €/kg",,La Despensa,Dulce,"Cremas de Cacao, Avellana y Cacahuete",https://static.carrefour.es/hd_510x_/img_pim_food/853244_00_1.jpg
https://www.carrefour.es/supermercado/mezcla-de-frutos-secos-con-coco-deshidratado-mix-cook-sensation-carrefour-doy-pack-140-g/R-VC4AECOMM-180809/p,Mezcla de frutos secos con coco deshidratado Mix & Cook Sensation Carrefour doy pack 140 g.,"2,19 €",,"15,64 €/kg",,La Despensa,Aperitivos,Frutos Secos,https://static.carrefour.es/hd_510x_/img_pim_food/180809_00_1.jpg
https://www.carrefour.es/supermercado/salsa-picante-valentina-envase-370-g/R-764213804/p,Salsa picante Valentina envase 370 g.,"3,65 €",,"9,86 €/kg",,La Despensa,Alimentación,Salsas y Tomate Frito,https://static.carrefour.es/hd_510x_/img_pim_food/772487_00_1.jpg
https://www.carrefour.es/supermercado/tofu-natural-ecologico-carrefour-bio-sin-gluten-sin-lactosa-400-g/R-VC4AECOMM-134991/p,Tofu natural ecológico Carrefour Bio sin gluten sin lactosa 400 g.,"2,35 €","1,99 €","5,87 €/kg","4,97 €/kg",La Despensa,"Conservas, Sopas y Precocinados",Platos Preparados,https://static.carrefour.es/hd_510x_/img_pim_food/134991_00_1.jpg
https://www.carrefour.es/supermercado/apositos-ampollas-medianas-compeed-5-ud/R-590507794/p,Apósitos ampollas medianas Compeed 5 ud.,"9,05 €",,"1,81 €/ud",,Parafarmacia,Botiquín,Apósitos y Gasas,https://static.carrefour.es/hd_510x_/img_pim_food/543734_00_1.jpg
https://www.carrefour.es/supermercado/leche-condensada-carrefour-450-g/R-521003207/p,Leche condensada Carrefour 450 g.,"2,59 €",,"5,76 €/kg",,La Despensa,Lácteos,"Leche Condensada, Evaporada y en Polvo",https://static.carrefour.es/hd_510x_/img_pim_food/635016_00_1.jpg
https://www.carrefour.es/supermercado/protege-cuida-hidratante-protector-nivea-men-75-ml/R-520664108/p,Protege & Cuida Hidratante Protector Nivea Men 75 ml.,"9,25 €",,"1,23 €/100ml",,Perfumería e Higiene,Cosmética,Rostro,https://static.carrefour.es/hd_510x_/img_pim_food/560175_00_1.jpg
https://www.carrefour.es/supermercado/ginebra-hendricks-70-cl/R-627801754/p,Hendrick`S Ginebra,"33,90 €",,"48,43 €/l",,Bebidas,Alcoholes,Ginebra,https://static.carrefour.es/hd_510x_/img_pim_food/790098_00_1.jpg
https://www.carrefour.es/supermercado/cereales-con-chocolate-corn-flakes-nestle-sin-gluten-375-g/R-840600849/p,Cereales con chocolate Corn Flakes Nestlé sin gluten 375 g,"4,19 €",,"11,17 €/kg",,La Despensa,Desayuno,Cereales,https://static.carrefour.es/hd_510x_/img_pim_food/978985_00_1.jpg
https://www.carrefour.es/supermercado/monster-energy-rehab-bebida-energetica-te-cha-limonada-lata-50-cl/R-698405769/p,Monster Energy Rehab Bebida Energética té/chá + limonada lata 50 cl.,"1,99 €",,"3,98 €/l",,Bebidas,Refrescos,Energéticas,https://static.carrefour.es/hd_510x_/img_pim_food/324410_00_1.jpg
https://www.carrefour.es/supermercado/pants-para-incontinencia-large-noche-absodys-carrefour-14-ud/R-800036119/p,Pants para incontinencia large noche Absodys Carrefour 14 ud.,"10,79 €",,"0,77 €/ud",,Perfumería e Higiene,Higiene íntima,Incontinencia,https://static.carrefour.es/hd_510x_/img_pim_food/898959_00_1.jpg
https://www.carrefour.es/supermercado/queso-en-lonchas-protein-arla-150-g/R-prod731403/p,Queso en lonchas protein Arla 150 g.,"3,25 €",,"21,67 €/kg",,Productos Frescos,Quesos,Semicurado,https://static.carrefour.es/hd_510x_/img_pim_food/857192_00_1.jpg
https://www.carrefour.es/supermercado/mermelada-de-pina-diet-la-vieja-fabrica-sin-gluten-280-g/R-prod61541/p,Mermelada de piña Diet La Vieja Fábrica sin gluten 280 g.,"2,99 €",,"10,68 €/kg",,La Despensa,Dulce,"Mermeladas, Membrillos y Compotas",https://static.carrefour.es/hd_510x_/img_pim_food/184547_00_1.jpg
https://www.carrefour.es/supermercado/colorante-permanente-n-688-rojo-rubi-intensive-color-cream-palette-1-ud/R-600805819/p,Colorante permanente nº 6.88 rojo rubí Intensive Color Cream Palette 1 ud.,"4,79 €",,"4,79 €/ud",,Perfumería e Higiene,Cabello,Tinte,https://static.carrefour.es/hd_510x_/img_pim_food/366264_00_1.jpg
https://www.carrefour.es/supermercado/flan-de-cafe-salzillo-reina-sin-gluten-pack-de-4-unidades-de-100-g/R-VC4AECOMM-628596/p,Flan de café Salzillo Reina sin gluten pack de 4 unidades de 100 g.,"2,29 €",,"5,72 €/kg",,La Despensa,Yogures y Postres,Flanes,https://static.carrefour.es/hd_510x_/img_pim_food/628596_00_1.jpg
https://www.carrefour.es/supermercado/maiz-frito-original-mistercorn-grefusa-285-g/R-fprod1280552/p,Maíz frito Original MisterCorn Grefusa 285 g.,"3,15 €",,"11,05 €/kg",,La Despensa,Aperitivos,Frutos Secos,https://static.carrefour.es/hd_510x_/img_pim_food/330950_00_1.jpg
https://www.carrefour.es/supermercado/colutorio-aloe-vera-vitis-1000-ml/R-590512294/p,Colutorio aloe vera Vitis 1000 ml.,"15,15 €",,"1,52 €/100ml",,Parafarmacia,Higiene Bucal,Colutorio,https://static.carrefour.es/hd_510x_/img_pim_food/798931_00_1.jpg
https://www.carrefour.es/supermercado/champu-infantil-amalfi-750-ml/R-VC4AECOMM-193933/p,Champú infantil Amalfi 750 ml.,"1,08 €",,"0,14 €/100ml",,Bebé,Perfumería e Higiene,Champú,https://static.carrefour.es/hd_510x_/img_pim_food/193933_00_1.jpg
https://www.carrefour.es/supermercado/mayonesa-ligeresa-sin-lactosa-tarro-650-ml/R-521029209/p,Mayonesa Ligeresa sin lactosa tarro 650 ml.,"4,79 €","3,90 €","7,37 €/kg","6,00 €/kg",La Despensa,Alimentación,Salsas y Tomate Frito,https://static.carrefour.es/hd_510x_/img_pim_food/597825_00_1.jpg
https://www.carrefour.es/supermercado/atun-en-aceite-de-girasol-260-g/R-624601587/p,Atún en aceite de girasol 260 g.,"3,29 €",,"12,65 €/kg",,La Despensa,"Conservas, Sopas y Precocinados",Conservas de Pescado y Marisco,https://static.carrefour.es/hd_510x_/img_pim_food/306771_00_1.jpg
https://www.carrefour.es/supermercado/dentifrico-plaque-anti-placa-expert-blanqueadora-colgate-total-75-ml/R-prod330550/p,Dentífrico plaque anti-placa expert blanqueadora Colgate Total 75 ml.,"4,29 €",,"5,72 €/100ml",,Perfumería e Higiene,Boca y Sonrisa,Dentífricos,https://static.carrefour.es/hd_510x_/img_pim_food/407295_00_1.jpg
https://www.carrefour.es/supermercado/queso-tierno-el-ventero-cuna-de-400-g/R-VC4AECOMM-712269/p,Queso tierno El Ventero cuña de 400 g,"8,76 €",,"21,90 €/kg",,Productos Frescos,Quesos,Tierno,https://static.carrefour.es/hd_510x_/img_pim_food/712269_00_1.jpg
https://www.carrefour.es/supermercado/detergente-en-polvo-activo-colon-50-lavados/R-737026486/p,Detergente en polvo activo Colon 50 lavados.,"16,35 €",,"0,33 €/lavado",,Limpieza y Hogar,Cuidado de la Ropa,Detergentes,https://static.carrefour.es/hd_510x_/img_pim_food/705540_00_1.jpg
https://www.carrefour.es/supermercado/cocktail-de-snakcs-con-aceite-de-girasol-xxl-aspil-sin-gluten-225-g/R-VC4AECOMM-100012/p,Cocktail de snakcs con aceite de girasol XXL Aspil sin gluten 225 g.,"2,19 €",,"9,73 €/kg",,La Despensa,Aperitivos,Snacks,https://static.carrefour.es/hd_510x_/img_pim_food/100012_00_1.jpg
https://www.carrefour.es/supermercado/tortilla-de-patatas-con-chorizo-carrefour-classic-sin-gluten-sin-lactosa-600-g/R-fprod1300008/p,Tortilla de patatas con chorizo Carrefour Classic' sin gluten sin lactosa 600 g.,"3,19 €",,"5,32 €/kg",,La Despensa,"Conservas, Sopas y Precocinados","Tortillas, Empanadillas y Sandwiches",https://static.carrefour.es/hd_510x_/img_pim_food/333439_00_1.jpg
https://www.carrefour.es/supermercado/vino-moscatel-cortijo-de-ceret-do-valencia-75-cl/R-VC4AECOMM-442114/p,Vino moscatel Cortijo de Ceret D.O. Valencia 75 cl.,"3,65 €",,"3,65 €/ud",,Bebidas,Vinos,Generosos y Dulces,https://static.carrefour.es/hd_510x_/img_pim_food/442114_00_1.jpg
https://www.carrefour.es/supermercado/preservativos-non-stop-control-12-ud/R-521001013/p,Preservativos Non Stop Control 12 ud.,"9,79 €",,"0,82 €/ud",,Perfumería e Higiene,Bienestar Sexual,Preservativos,https://static.carrefour.es/hd_510x_/img_pim_food/093255_00_1.jpg
https://www.carrefour.es/supermercado/yogur-griego-de-stracciatella-danone-sin-gluten-pack-de-4-unidades-de-110-g/R-VC4AECOMM-154996/p,Yogur griego de stracciatella Danone sin gluten pack de 4 unidades de 110 g.,"1,49 €",,"3,39 €/kg",,La Despensa,Yogures y Postres,Yogures Griegos y Enriquecidos,https://static.carrefour.es/hd_510x_/img_pim_food/154996_00_1.jpg
https://www.carrefour.es/supermercado/peeling-exfoliante-de-noche-derma-skin-clear-nivea-40-ml/R-VC4AECOMM-162298/p,Peeling exfoliante de noche Derma Skin Clear Nivea 40 ml.,"8,45 €",,"21,12 €/100ml",,Perfumería e Higiene,Cuidado y Protección Corporal,Limpieza Facial,https://static.carrefour.es/hd_510x_/img_pim_food/162298_00_1.jpg
https://www.carrefour.es/supermercado/salsa-barbacoa-carrefour-envase-400-g/R-prod860523/p,Salsa barbacoa Carrefour envase 400 g.,"1,45 €",,"3,62 €/kg",,La Despensa,Alimentación,Salsas y Tomate Frito,https://static.carrefour.es/hd_510x_/img_pim_food/389941_00_1.jpg
https://www.carrefour.es/supermercado/cepillo-de-dientes-360-advance-carrefour-soft-1-ud/R-VC4AECOMM-482052/p,Cepillo de dientes 360º advance Carrefour Soft 1 ud.,"1,85 €",,"1,85 €/ud",,Perfumería e Higiene,Boca y Sonrisa,"Cepillos, Recambios y Accesorios",https://static.carrefour.es/hd_510x_/img_pim_food/482052_00_1.jpg
https://www.carrefour.es/supermercado/papilla-infantil-hero-crema-de-arroz-desde-4-meses-sin-gluten-y-sin-azucar-anadido-220-g/R-fprod1410189/p,Papilla infantil Hero crema de arroz desde 4 meses sin gluten y sin azúcar añadido 220 g.,"3,19 €",,"14,50 €/kg",,Bebé,Alimentación infantil,Papillas,https://static.carrefour.es/hd_510x_/img_pim_food/363810_00_1.jpg
https://www.carrefour.es/supermercado/caldo-natural-de-pollo-asado-aneto-sin-gluten-y-sin-lactosa-brik-1-l/R-VC4AECOMM-368010/p,Caldo natural de pollo asado Aneto sin gluten y sin lactosa brik 1 l.,"5,05 €",,"5,05 €/l",,La Despensa,"Conservas, Sopas y Precocinados","Caldos, Sopas y Pure",https://static.carrefour.es/hd_510x_/img_pim_food/368010_00_1.jpg
https://www.carrefour.es/supermercado/bonito-del-norte-en-escabeche-carrefour-72-g/R-521006232/p,Bonito del norte en escabeche Carrefour 72 g.,"1,95 €",,"27,08 €/kg",,La Despensa,"Conservas, Sopas y Precocinados",Conservas de Pescado y Marisco,https://static.carrefour.es/hd_510x_/img_pim_food/231460_00_1.jpg
https://www.carrefour.es/supermercado/aleta-de-vacuno-anojo-calidad-y-origen-carrefour-500-g-aprox/R-prod840077/p,Aleta de Vacuno Añojo Calidad y Origen Carrefour 500 g aprox,"6,94 €",,,,Productos Frescos,Carnicería,Vacuno,https://static.carrefour.es/hd_510x_/img_pim_food/842672_00_1.jpg
https://www.carrefour.es/supermercado/galletas-shortbread-fingers-walkers-150-g/R-638301719/p,Galletas Shortbread Fingers Walkers 150 g.,"4,29 €",,"28,60 €/kg",,La Despensa,Desayuno,Galletas,https://static.carrefour.es/hd_510x_/img_pim_food/163914_00_1.jpg
https://www.carrefour.es/supermercado/atun-en-salsa-de-tomate-carrefour-pack-de-3-latas-de-52-g/R-521006132/p,Atún en salsa de tomate Carrefour pack de 3 latas de 52 g.,"2,09 €",,"13,40 €/kg",,La Despensa,"Conservas, Sopas y Precocinados",Conservas de Pescado y Marisco,https://static.carrefour.es/hd_510x_/img_pim_food/666325_00_1.jpg
https://www.carrefour.es/supermercado/pasta-spaghetti-al-nero-di-sepia-la-molisana-500-g/R-VC4AECOMM-476496/p,Pasta spaghetti al nero di sepia La Molisana 500 g.,"4,35 €",,"8,70 €/kg",,La Despensa,Alimentación,Pastas,https://static.carrefour.es/hd_510x_/img_pim_food/476496_00_1.jpg
https://www.carrefour.es/supermercado/solomillo-de-cerdo-iberico-carrefour-500-g-aprox/R-VC4AECOMM-517464/p,Solomillo de Cerdo Ibérico Carrefour 500 g aprox,"9,44 €",,"18,89 €/kg",,Productos Frescos,Carnicería,Cerdo,https://static.carrefour.es/hd_510x_/img_pim_food/517464_00_1.jpg
https://www.carrefour.es/supermercado/ampollas-botox-babaria-5-ud/R-VC4AECOMM-398798/p,Ampollas botox Babaria 5 ud.,"7,65 €",,"76,50 €/100ml",,Perfumería e Higiene,Cuidado y Protección Corporal,Piel,https://static.carrefour.es/hd_510x_/img_pim_food/398798_00_1.jpg
https://www.carrefour.es/supermercado/leche-infantil-para-lactantes-liquida-nestle-nan-optipro-1-brik-500-ml/R-VC4AECOMM-077608/p,Leche infantil para lactantes líquida Nestlé Nan Optipro 1 brik 500 ml.,"2,99 €",,"5,98 €/l",,Parafarmacia,Bebé,Leche infantil,https://static.carrefour.es/hd_510x_/img_pim_food/077608_00_1.jpg
https://www.carrefour.es/supermercado/paleta-de-cebo-iberica-curada-50-raza-iberica-semideshuesada-serie-oro-elpozo-pieza-45-kg-aprox/R-522714887/p,"Paleta de cebo ibérica curada 50% raza ibérica semideshuesada Serie Oro ElPozo pieza 4,5 kg aprox","83,00 €","69,00 €","20,75 €/kg","17,25 €/kg",Productos Frescos,Charcutería,Jamón serrano e ibérico Pieza,https://static.carrefour.es/hd_510x_/img_pim_food/629634_00_1.jpg
https://www.carrefour.es/supermercado/caramelo-sabor-menta-montana-sin-azucar-ricola-50-g/R-699408696/p,Caramelo sabor menta montaña sin azúcar Ricola 50 g.,"2,89 €",,"5,78 €/100g",,La Despensa,Dulce,Dulces y Golosinas,https://static.carrefour.es/hd_510x_/img_pim_food/383634_00_1.jpg
https://www.carrefour.es/supermercado/crema-de-queso-cheddar-president-125-g/R-521030671/p,Crema de queso cheddar Président 125 g.,"1,92 €",,"15,36 €/kg",,Productos Frescos,Quesos,Crema de queso,https://static.carrefour.es/hd_510x_/img_pim_food/619080_00_1.jpg
https://www.carrefour.es/supermercado/vino-tinto-tempranillo-ecologico-el-hayedo-doca-rioja-75-cl/R-VC4AECOMM-186365/p,Vino tinto tempranillo ecológico El Hayedo D.O.Ca. Rioja 75 cl.,"6,49 €",,"6,49 €/ud",,Bebidas,Vinos,Tinto,https://static.carrefour.es/hd_510x_/img_pim_food/186365_00_1.jpg
https://www.carrefour.es/supermercado/croquetas-de-estofado-de-pollo-recetas-artesanas-la-cocinera-500-g/R-522713886/p,Croquetas de estofado de pollo Recetas Artesanas La Cocinera 500 g.,"4,95 €",,"9,90 €/kg",,Congelados,Rebozados y Platos Preparados,,https://static.carrefour.es/hd_510x_/img_pim_food/043470_00_1.jpg
https://www.carrefour.es/supermercado/tocino-vegetal-sabor-bacon-vivera-175-g/R-VC4AECOMM-361593/p,Tocino vegetal sabor bacón Vivera 175 g.,"4,29 €",,"24,51 €/kg",,La Despensa,"Conservas, Sopas y Precocinados",Masa Fresca y Bases,https://static.carrefour.es/hd_510x_/img_pim_food/361593_00_1.jpg
https://www.carrefour.es/supermercado/champu-suave-calmante-delicatesse-de-avena-para-cuero-cabelludo-sensible-original-remedies-garnier-300-ml/R-prod731490/p,Champú suave calmante Delicatesse de Avena para cuero cabelludo sensible Original Remedies Garnier 300 ml.,"3,99 €",,"1,33 €/100ml",,Perfumería e Higiene,Cabello,Champús,https://static.carrefour.es/hd_510x_/img_pim_food/857568_00_1.jpg
https://www.carrefour.es/supermercado/cerveza-guinness-original-irlandesa-negra-botella-33-cl/R-564401540/p,Cerveza Guinness Original irlandesa negra botella 33 cl.,"2,49 €",,"7,55 €/l",,Bebidas,Cerveza,Negra,https://static.carrefour.es/hd_510x_/img_pim_food/272324_00_1.jpg
https://www.carrefour.es/supermercado/pimenton-dulce-de-la-vera-250-g/R-618405347/p,Pimentón dulce De La Vera 250 g.,"3,55 €",,"14,20 €/kg",,La Despensa,Alimentación,Especias y Sazonadores,https://static.carrefour.es/hd_510x_/img_pim_food/512617_00_1.jpg
https://www.carrefour.es/supermercado/barritas-krissia-300-g/R-521032020/p,Barritas Krissia 300 g,"4,65 €",,"15,50 €/kg",,Productos Frescos,Pescadería,Surimi y Elaborados,https://static.carrefour.es/hd_510x_/img_pim_food/714020_00_1.jpg
https://www.carrefour.es/supermercado/pan-de-molde-integral-rebanada-estilo-artesano-con-espelta-y-toque-de-miel-bimbo-500-g/R-prod690160/p,Pan de molde integral rebanada estilo artesano con espelta y toque de miel Bimbo 500 g.,"3,25 €",,"6,50 €/kg",,La Despensa,"Panaderia, Bollería y Pastelería",Pan de Molde,https://static.carrefour.es/hd_510x_/img_pim_food/848048_00_1.jpg
https://www.carrefour.es/supermercado/barrita-proteica-con-semillas-y-frutos-rojos-carrefour-sensation-128-g/R-VC4AECOMM-373411/p,Barrita proteica con semillas y frutos rojos Carrefour Sensation 128 g.,"2,39 €",,"18,67 €/kg",,La Despensa,Desayuno,Barritas,https://static.carrefour.es/hd_510x_/img_pim_food/373411_00_1.jpg
https://www.carrefour.es/supermercado/2-bolas-de-plastico-y-2-bolas-de-goma-para-gato-vitalkraft/R-720868224/p,2 Bolas de Plástico y 2 Bolas de Goma para Gato Vitalkraft,"1,99 €",,"1,99 €/ud",,Mascotas,Gatos,Accesorios e Higiene,https://static.carrefour.es/hd_510x_/img_pim_food/807062_00_1.jpg
https://www.carrefour.es/supermercado/comida-para-conejillos-de-indias-800-gr/R-720864278/p,Comida para Conejillos de Indias 800 gr,"2,50 €",,"3,12 €/kg",,Mascotas,Conejos y roedores,Pienso para conejos y rodeores,https://static.carrefour.es/hd_510x_/img_pim_food/460976_00_1.jpg
https://www.carrefour.es/supermercado/desodorante-en-spray-dermo-proteccion-48h-antitranspirante-frescor-natural-0-alcohol-carrefour-soft-200-ml/R-VC4AECOMM-670969/p,Desodorante en spray dermo protección 48h antitranspirante frescor natural 0% alcohol Carrefour Soft 200 ml.,"1,70 €",,"0,85 €/100ml",,Perfumería e Higiene,Baño e Higiene Corporal,Desodorantes,https://static.carrefour.es/hd_510x_/img_pim_food/670969_00_1.jpg
https://www.carrefour.es/supermercado/mezcla-de-setas-con-champinones-carrefour-500-g/R-627801976/p,Mezcla de setas con champiñones Carrefour 500 g.,"5,15 €",,"10,30 €/kg",,La Despensa,"Conservas, Sopas y Precocinados",Conservas de Vegetales,https://static.carrefour.es/hd_510x_/img_pim_food/804388_00_1.jpg
https://www.carrefour.es/supermercado/mascarilla-quirurgica-desechable-tipo-iir-negras-para-adulto-soft-carrefour-pack-de-10-ud/R-VC4AECOMM-675904/p,Mascarilla quirúrgica desechable tipo IIR negras para adulto Soft Carrefour pack de 10 ud.,"0,95 €",,"0,09 €/ud",,Parafarmacia,Botiquín,Mascarillas,https://static.carrefour.es/hd_510x_/img_pim_food/675904_00_1.jpg
https://www.carrefour.es/supermercado/duo-de-pimientos-rojos-y-amarillos-marinados-sensation-carrefour-185-g/R-VC4AECOMM-075227/p,Duo de pimientos rojos y amarillos marinados Sensation Carrefour 185 g.,"1,60 €",,"8,65 €/kg",,La Despensa,"Conservas, Sopas y Precocinados",Conservas de Vegetales,https://static.carrefour.es/hd_510x_/img_pim_food/075227_00_1.jpg
https://www.carrefour.es/supermercado/aceite-de-ricino-100-puro-ecologico-arganour-100-ml/R-fprod1460435/p,Aceite de ricino 100% puro ecológico Arganour 100 ml.,"4,89 €",,"4,89 €/100ml",,Parafarmacia,Cuidado corporal,Cremas y Lociones,https://static.carrefour.es/hd_510x_/img_pim_food/398989_00_1.jpg
https://www.carrefour.es/supermercado/aceitunas-verdes-partidas-alinadas-exoticas-la-espanola-sin-gluten-185-g/R-VC4AECOMM-023233/p,Aceitunas verdes partidas aliñadas Exóticas La Española sin gluten 185 g.,"3,49 €",,"18,86 €/kg",,La Despensa,Aperitivos,Aceitunas y Encurtidos,https://static.carrefour.es/hd_510x_/img_pim_food/023233_00_1.jpg
https://www.carrefour.es/supermercado/bolsas-de-basura-jardin-100-plastico-reciclado-handy-bag-100l-10-ud/R-prod1000061/p,Bolsas de Basura Jardín 100% Plástico Reciclado HANDY BAG 100L 10 ud,"7,19 €",,"0,72 €/ud",,Limpieza y Hogar,Utensilios de Limpieza,Bolsas de Basura,https://static.carrefour.es/hd_510x_/img_pim_food/800651_00_1.jpg
https://www.carrefour.es/supermercado/limpia-multisuperficies-centella-pronto-250-ml/R-VC4AECOMM-168447/p,Limpia multisuperficies Centella Pronto 250 ml.,"4,39 €",,"17,56 €/l",,Limpieza y Hogar,Productos para toda la casa,Limpia Muebles,https://static.carrefour.es/hd_510x_/img_pim_food/168447_00_1.jpg
https://www.carrefour.es/supermercado/7up-de-lima-limon-lata-33-cl/R-VC4AECOMM-398692/p,7UP de lima-limón lata 33 cl.,"0,67 €",,"2,03 €/l",,Bebidas,Refrescos,Sabores con Gas,https://static.carrefour.es/hd_510x_/img_pim_food/398692_00_1.jpg
https://www.carrefour.es/supermercado/cerveza-artesana-carrefour-sensation-reserva-botella-33-cl/R-VC4AECOMM-573250/p,Cerveza artesana Carrefour Sensation Reserva botella 33 cl.,"0,99 €",,"3,00 €/l",,Bebidas,Cerveza,Artesanas,https://static.carrefour.es/hd_510x_/img_pim_food/573250_00_1.jpg
https://www.carrefour.es/supermercado/champu-y-acondicionador-anticaspa-classic-2-en-1-hs-1000-ml/R-VC4AECOMM-336895/p,Champú y acondicionador anticaspa classic 2 en 1 H&S 1000 ml.,"14,09 €",,"1,41 €/100ml",,Perfumería e Higiene,Cabello,Champús,https://static.carrefour.es/hd_510x_/img_pim_food/336895_00_1.jpg
https://www.carrefour.es/supermercado/salsa-de-miel-y-mostaza-carrefour-classic-sin-gluten-envase-300-g/R-824405633/p,Salsa de miel y mostaza Carrefour Classic sin gluten envase 300 g.,"1,16 €",,"3,87 €/kg",,La Despensa,Alimentación,Salsas y Tomate Frito,https://static.carrefour.es/hd_510x_/img_pim_food/958862_00_1.jpg
https://www.carrefour.es/supermercado/bonito-del-norte-en-aceite-de-oliva-de-nuestra-tierra-190-g/R-521006219/p,Bonito del norte en aceite de oliva De Nuestra Tierra 190 g.,"7,35 €",,"38,68 €/kg",,La Despensa,"Conservas, Sopas y Precocinados",Conservas de Pescado y Marisco,https://static.carrefour.es/hd_510x_/img_pim_food/384701_00_1.jpg
https://www.carrefour.es/supermercado/gel-de-ducha-cuidado-experto-sensitive-nutritivo-sanex-600-ml/R-VC4AECOMM-624124/p,Gel de ducha cuidado experto + Sensitive Nutritivo Sanex 600 ml.,"3,75 €",,"0,62 €/100ml",,Perfumería e Higiene,Baño e Higiene Corporal,Geles de Baño,https://static.carrefour.es/hd_510x_/img_pim_food/624124_00_1.jpg
https://www.carrefour.es/supermercado/cuidado-voluminizador-ojos-revitalift-filler-loreal-15-ml/R-836506925/p,Cuidado voluminizador ojos Revitalift Filler L'Oréal 15 ml.,"18,95 €",,"126,33 €/100ml",,Perfumería e Higiene,Cuidado y Protección Corporal,Piel,https://static.carrefour.es/hd_510x_/img_pim_food/970046_00_1.jpg
https://www.carrefour.es/supermercado/tomate-frito-orlando-sin-gluten-pack-de-3-unidades-de-350-g/R-528412800/p,Tomate frito Orlando sin gluten pack de 3 unidades de 350 g.,"2,99 €",,"2,85 €/kg",,Ofertas,,,https://static.carrefour.es/hd_510x_/img_pim_food/146861_00_1.jpg
https://www.carrefour.es/supermercado/yogur-infantil-de-yogurin-con-manzana-y-fresa-sin-azucar-anadido-hero-mi-merienda-100-g/R-748813092/p,Yogur infantil de yogurín con manzana y fresa sin azúcar añadido Hero Mi Merienda 100 g.,"1,20 €","1,00 €","12,00 €/kg","10,00 €/kg",Bebé,Alimentación infantil,"Postres, Zumos, Petit y Yogures Infantiles",https://static.carrefour.es/hd_510x_/img_pim_food/758358_00_1.jpg
https://www.carrefour.es/supermercado/agua-mineral-carrefour-1-l/R-VC4AECOMM-435350/p,Agua mineral Carrefour 1 l.,"0,40 €",,"0,40 €/l",,Bebidas,Aguas y Zumos,"Agua de 0,75 a 2 litros",https://static.carrefour.es/hd_510x_/img_pim_food/435350_00_1.jpg
https://www.carrefour.es/supermercado/tinte-permanente-n-50-castano-claro-naturals-color-cream-palette-schwarzkopf-1-ud/R-VC4AECOMM-477426/p,Tinte permanente nº 5.0 castaño claro Naturals Color Cream Palette Schwarzkopf 1 ud.,"5,19 €",,"5,19 €/ud",,Perfumería e Higiene,Cabello,Tinte,https://static.carrefour.es/hd_510x_/img_pim_food/477426_00_1.jpg
https://www.carrefour.es/supermercado/queso-en-dados-alto-en-proteinas-el-ventero-100-g/R-VC4AECOMM-391951/p,Queso en dados alto en proteínas El Ventero 100 g.,"2,85 €",,"28,50 €/kg",,Productos Frescos,Quesos,Todos los Quesos,https://static.carrefour.es/hd_510x_/img_pim_food/391951_00_1.jpg
https://www.carrefour.es/supermercado/vino-tinto-roble-tinto-fino-dominio-de-nogara-do-ribera-del-duero-75-cl/R-fprod1200276/p,Dominio De Nogara Tinto 2023,"11,65 €",,"11,65 €/ud",,Bebidas,Vinos,Tinto,https://static.carrefour.es/hd_510x_/img_pim_food/254601_00_1.jpg
https://www.carrefour.es/supermercado/plumero-pluma-pavo-vigar-bicolor/R-818300549/p,Plumero Pluma Pavo VIGAR - Bicolor,"3,35 €",,"3,35 €/ud",,Limpieza y Hogar,Utensilios de Limpieza,"Plumeros, Rodillos y Recambios",https://static.carrefour.es/hd_510x_/img_pim_food/951189_00_1.jpg
https://www.carrefour.es/supermercado/bayeta-posavajillas-viscosa-rozenbal-50x38-cm-decorada/R-VC4AECOMM-475964/p,Bayeta Posavajillas Viscosa ROZENBAL 50X38 cm - Decorada,"1,45 €",,"1,45 €/ud",,Limpieza y Hogar,Utensilios de Limpieza,Bayetas Microfibra Atrapapolvo,https://static.carrefour.es/hd_510x_/img_pim_food/475964_00_1.jpg
https://www.carrefour.es/supermercado/cerveza-1906-reserva-especial-lata-33-cl/R-538002302/p,Cerveza 1906 reserva especial lata 33 cl.,"0,97 €",,"2,94 €/l
- 5,82 €/6 uds.",,Bebidas,Cerveza,Todas las Cervezas,https://static.carrefour.es/hd_510x_/img_pim_food/569004_00_1.jpg
https://www.carrefour.es/supermercado/vino-do-ribera-del-duero-tinto-roble-tres-reinos-75-cl/R-590208325/p,Vino D.O. Ribera del Duero tinto roble Tres Reinos 75 cl.,"3,65 €",,"3,65 €/ud",,Bebidas,Vinos,Tinto,https://static.carrefour.es/hd_510x_/img_pim_food/236225_00_1.jpg
https://www.carrefour.es/supermercado/judia-verde-ecologica-carrefour-bio-660-g/R-546307256/p,Judia verde ecológica Carrefour Bio 660 g.,"3,09 €",,"8,58 €/kg",,La Despensa,"Conservas, Sopas y Precocinados",Conservas de Vegetales,https://static.carrefour.es/hd_510x_/img_pim_food/732847_00_1.jpg
https://www.carrefour.es/supermercado/helado-de-vainilla-sin-azucar-anadido-carrefour-sin-gluten-500-ml/R-fprod1470252/p,Helado de vainilla sin azúcar añadido Carrefour sin gluten 500 ml.,"3,49 €","2,65 €","13,96 €/kg","10,60 €/kg",Congelados,Helados,Tarrinas,https://static.carrefour.es/hd_510x_/img_pim_food/408119_00_1.jpg
https://www.carrefour.es/supermercado/fruta-escarchada-bandeja-300-g/R-679501725/p,Fruta escarchada bandeja 300 g,"7,99 €",,"26,63 €/kg",,Productos Frescos,Panadería Tradicional,Pastelería y Repostería,https://static.carrefour.es/hd_510x_/img_pim_food/057398_00_1.jpg
https://www.carrefour.es/supermercado/langostino-gabardina-con-ajo-y-perejil-congelado-carrefour-400-g/R-prod64602/p,Langostino gabardina con ajo y perejil congelado Carrefour 400 g,"5,99 €",,"14,97 €/kg",,Productos Frescos,Pescadería,Preparados y elaborados de Pescado y Marisco,https://static.carrefour.es/hd_510x_/img_pim_food/988633_00_1.jpg
https://www.carrefour.es/supermercado/tinte-permanente-sin-amoniaco-n-4u-castano-excellence-universal-nudes-loreal-paris-1-ud/R-VC4AECOMM-778776/p,Tinte permanente sin amoníaco nº 4U castaño Excellence Universal Nudes L'Oréal Paris 1 ud.,"11,29 €",,"11,29 €/ud",,Perfumería e Higiene,Cabello,Tinte,https://static.carrefour.es/hd_510x_/img_pim_food/778776_00_1.jpg
https://www.carrefour.es/supermercado/serum-botox-relaja-en-rostro-babaria-30-ml/R-VC4AECOMM-375438/p,Serum botox relaja en rostro Babaria 30 ml.,"8,59 €",,"28,63 €/100ml",,Perfumería e Higiene,Cuidado y Protección Corporal,Piel,https://static.carrefour.es/hd_510x_/img_pim_food/375438_00_1.jpg
https://www.carrefour.es/supermercado/tortillas-de-maiz-carrefour-sensation-sin-gluten-10-ud/R-VC4AECOMM-696573/p,Tortillas de maíz Carrefour Sensation sin gluten 10 ud.,"2,65 €",,"10,60 €/kg",,La Despensa,"Conservas, Sopas y Precocinados",Masa Fresca y Bases,https://static.carrefour.es/hd_510x_/img_pim_food/696573_00_1.jpg
https://www.carrefour.es/supermercado/tarrito-de-manzana-y-platano-ecologico-carrefour-baby-bio-desde-6-meses-pack-de-2-unidades-de-200-g/R-VC4AECOMM-432603/p,Tarrito de manzana y plátano Ecológico Carrefour Baby Bio desde 6 meses pack de 2 unidades de 200 g.,"2,69 €",,"6,72 €/kg",,Bebé,Alimentación infantil,Tarritos y Platos Preparados,https://static.carrefour.es/hd_510x_/img_pim_food/432603_00_1.jpg
https://www.carrefour.es/supermercado/desodorante-roll-on-extra-control-proteccion-48h-zero-sanex-50-ml/R-fprod1260029/p,Desodorante roll-on extra control protección 48h Zero% Sanex 50 ml.,"2,09 €",,"4,18 €/100ml",,Perfumería e Higiene,Baño e Higiene Corporal,Desodorantes,https://static.carrefour.es/hd_510x_/img_pim_food/304288_00_1.jpg
https://www.carrefour.es/supermercado/colageno-silicio-acido-hialuronico-magnesio-sabor-vainilla-30-dias-epaplus-327-g/R-prod860199/p,Colágeno + Silicio + Ácido Hialurónico + Magnesio sabor vainilla 30 días Epaplus 327 g.,"21,10 €",,"6,45 €/100g",,Parafarmacia,Nutrición y Dietética,Complementos Vitamínicos,https://static.carrefour.es/hd_510x_/img_pim_food/386371_00_1.jpg
https://www.carrefour.es/supermercado/chorizo-iberico-extra-en-lonchas-carrefour-sin-gluten-80-g/R-VC4AECOMM-709882/p,Chorizo Ibérico Extra en lonchas Carrefour sin gluten 80 g,"1,45 €",,"14,50 €/kg",,Productos Frescos,Charcutería,"Chorizo, Lomo y Otros",https://static.carrefour.es/hd_510x_/img_pim_food/709882_00_1.jpg
https://www.carrefour.es/supermercado/mantequilla-sin-sal-president-250-g/R-521030133/p,Mantequilla sin sal Président 250 g.,"4,45 €",,"17,80 €/kg",,La Despensa,Lácteos,Mantequillas y Margarinas,https://static.carrefour.es/hd_510x_/img_pim_food/022157_00_1.jpg
https://www.carrefour.es/supermercado/chocolate-blanco-de-coco-y-almendra-raffaello-ferrero-90-g/R-VC4AECOMM-747794/p,Chocolate blanco de coco y almendra Raffaello Ferrero 90 g.,"2,95 €",,"32,78 €/kg",,La Despensa,Dulce,Bombones y Chocolates,https://static.carrefour.es/hd_510x_/img_pim_food/747794_00_1.jpg
https://www.carrefour.es/supermercado/verduras-para-wor-classic-carrefour-1-kg/R-521031693/p,Verduras para wor Classic´ Carrefour 1 kg.,"4,29 €",,"4,29 €/kg",,Congelados,Salteados Congelados,,https://static.carrefour.es/hd_510x_/img_pim_food/796538_00_1.jpg
https://www.carrefour.es/supermercado/cerveza-cruzcampo-pilsen-pack-28-latas-33-cl/R-562901511/p,Cerveza Cruzcampo Pilsen pack 28 latas 33 cl.,"19,60 €",,"2,12 €/l",,Bebidas,Cerveza,Todas las Cervezas,https://static.carrefour.es/hd_510x_/img_pim_food/185116_00_1.jpg
https://www.carrefour.es/supermercado/tetrapond-sticks-1-l/R-553703560/p,Tetrapond Sticks 1 L,"4,69 €",,"4,69 €/l",,Mascotas,Peces y tortugas,Peces,https://static.carrefour.es/hd_510x_/img_pim_food/341806_00_1.jpg
https://www.carrefour.es/supermercado/palmeritas-classic-carrefour-sin-lactosa-270-g/R-786081639/p,Palmeritas Classic' Carrefour sin lactosa 270 g.,"1,29 €",,"4,78 €/kg",,La Despensa,"Panaderia, Bollería y Pastelería",Bollería,https://static.carrefour.es/hd_510x_/img_pim_food/877642_00_1.jpg
https://www.carrefour.es/supermercado/chocolate-con-leche-valor-sin-gluten-300-g/R-522713735/p,Chocolate con leche Valor sin gluten 300 g.,"4,35 €",,"14,50 €/kg",,La Despensa,Dulce,Bombones y Chocolates,https://static.carrefour.es/hd_510x_/img_pim_food/029404_00_1.jpg
https://www.carrefour.es/supermercado/tortillas-mexicanas-extra-tiernas-old-el-paso-sin-gluten-pack-de-6-unidades-de-36-g/R-prod730699/p,Tortillas mexicanas extra tiernas Old El Paso sin gluten pack de 6 unidades de 36 g.,"3,89 €",,"18,01 €/kg",,La Despensa,"Conservas, Sopas y Precocinados","Tortillas, Empanadillas y Sandwiches",https://static.carrefour.es/hd_510x_/img_pim_food/854824_00_1.jpg
https://www.carrefour.es/supermercado/red-bull-bebida-energetica-pack-4-latas-25-cl/R-521028155/p,Red Bull Bebida Energética pack 4 latas 25 cl,"5,79 €",,"5,79 €/l",,Bebidas,Refrescos,Energéticas,https://static.carrefour.es/hd_510x_/img_pim_food/451772_00_1.jpg
https://www.carrefour.es/supermercado/cerveza-stella-artois-botella-33-cl/R-520661199/p,Cerveza Stella Artois botella 33 cl.,"1,94 €",,"5,88 €/l",,Bebidas,Cerveza,Todas las Cervezas,https://static.carrefour.es/hd_510x_/img_pim_food/037085_00_1.jpg
https://www.carrefour.es/supermercado/croquetas-caseras-de-bacalao-congeladas-carrefour-400-g/R-658001640/p,Croquetas caseras de bacalao congeladas Carrefour 400 g,"3,12 €",,"7,80 €/kg",,Productos Frescos,Pescadería,Preparados y elaborados de Pescado y Marisco,https://static.carrefour.es/hd_510x_/img_pim_food/310318_00_1.jpg
https://www.carrefour.es/supermercado/toallitas-multiusos-aroma-limon-carrefour-80-ud/R-696405372/p,Toallitas multiusos aroma limón Carrefour 80 ud.,"2,25 €",,"0,03 €/ud",,Limpieza y Hogar,Productos para toda la casa,Limpiacristales y Multiusos,https://static.carrefour.es/hd_510x_/img_pim_food/095474_00_1.jpg
https://www.carrefour.es/supermercado/dentifrico-proteccion-antimanchas-24h-3d-white-luxe-carbon-oral-b-75-ml/R-VC4AECOMM-194947/p,Dentífrico protección antimanchas 24h 3D White Luxe Carbón Oral-B 75 ml.,"4,55 €",,"6,07 €/100ml",,Perfumería e Higiene,Boca y Sonrisa,Dentífricos,https://static.carrefour.es/hd_510x_/img_pim_food/194947_00_1.jpg
https://www.carrefour.es/supermercado/queso-de-vaca-tierno-provolone-con-oregano-carrefour-extra-pieza-de-150-g/R-VC4AECOMM-688449/p,Queso de Vaca Tierno Provolone con Orégano Carrefour Extra pieza de 150 g,"1,89 €",,"12,60 €/kg",,Productos Frescos,Quesos,Todos los Quesos,https://static.carrefour.es/hd_510x_/img_pim_food/688449_00_1.jpg
https://www.carrefour.es/supermercado/bifidus-desnatado-con-trozos-de-pina-danone-activia-sin-azucar-anadido-pack-de-4-unidades-de-120-g/R-521029612/p,Bífidus desnatado con trozos de piña Danone Activia sin azúcar añadido pack de 4 unidades de 120 g.,"2,49 €",,"5,19 €/kg",,La Despensa,Yogures y Postres,Bífidus,https://static.carrefour.es/hd_510x_/img_pim_food/234031_00_1.jpg
https://www.carrefour.es/supermercado/masa-para-pizza-rectangular-buitoni-260-g/R-521030344/p,Masa para pizza rectangular Buitoni 260 g.,"1,99 €",,"7,65 €/kg",,La Despensa,"Conservas, Sopas y Precocinados",Masa Fresca y Bases,https://static.carrefour.es/hd_510x_/img_pim_food/059670_00_1.jpg
https://www.carrefour.es/supermercado/regaliz-de-goma-fresa-mega-torcidas-haribo-200-g/R-609302184/p,Regaliz de goma fresa Mega Torcidas Haribo 200 g.,"2,49 €",,"12,45 €/kg",,La Despensa,Dulce,Dulces y Golosinas,https://static.carrefour.es/hd_510x_/img_pim_food/398713_00_1.jpg
https://www.carrefour.es/supermercado/tinte-retoca-raices-spray-instantaneo-moreno-science-les-cosmetiques-75-ml/R-VC4AECOMM-013753/p,Tinte retoca raíces spray instantáneo moreno Science Les Cosmétiques 75 ml.,"4,89 €",,"6,52 €/100ml",,Perfumería e Higiene,Cabello,Tinte,https://static.carrefour.es/hd_510x_/img_pim_food/013753_00_1.jpg
https://www.carrefour.es/supermercado/bifidus-cremoso-sabor-coco-danone-activia-sin-gluten-pack-de-4-unidades-de-115-g/R-VC4AECOMM-460099/p,Bífidus cremoso sabor coco Danone Activia sin gluten pack de 4 unidades de 115 g.,"1,98 €",,"4,30 €/kg",,La Despensa,Yogures y Postres,Bífidus,https://static.carrefour.es/hd_510x_/img_pim_food/460099_00_1.jpg
https://www.carrefour.es/supermercado/trucha-asalmonada-circulo-de-calidad-600-g-aprox/R-fprod1370189/p,Trucha asalmonada Círculo de Calidad 600 g aprox,"4,77 €",,,,Productos Frescos,Pescadería,Pescado Fresco,https://static.carrefour.es/hd_510x_/img_pim_food/349382_00_1.jpg
https://www.carrefour.es/supermercado/te-rojo-en-bolsitas-carrefour-30-ud/R-prod690028/p,Té rojo en bolsitas Carrefour 30 ud.,"1,72 €",,"28,67 €/kg",,La Despensa,Desayuno,Infusiones y Tés,https://static.carrefour.es/hd_510x_/img_pim_food/847115_00_1.jpg
https://www.carrefour.es/supermercado/pienso-de-pollo-y-verduras-para-gato-adulto-tracto-urinario-ulmita-cat-750-g/R-VC4AECOMM-625931/p,Pienso de pollo y verduras para gato adulto tracto urinario Ulmita Cat 750 g.,"5,25 €",,"7,00 €/kg",,Mascotas,Gatos,Pienso para gatos,https://static.carrefour.es/hd_510x_/img_pim_food/625931_00_1.jpg
https://www.carrefour.es/supermercado/sprite-de-lima-limon-bajo-en-azucar-pack-2-botellas-2-l/R-prod280313/p,Sprite de lima-limón bajo en azúcar pack 2 botellas 2 l.,"3,15 €",,"0,79 €/l",,Bebidas,Refrescos,Sabores con Gas,https://static.carrefour.es/hd_510x_/img_pim_food/339361_00_1.jpg
https://www.carrefour.es/supermercado/caramelos-masticables-maoam-happyfruttis-haribo-175-g/R-819256900/p,Caramelos masticables Maoam Happyfruttis Haribo 175 g.,"2,25 €",,"12,86 €/kg",,La Despensa,Dulce,Dulces y Golosinas,https://static.carrefour.es/hd_510x_/img_pim_food/951205_00_1.jpg
https://www.carrefour.es/supermercado/suavizante-concentrado-premium-gold-carrefour-essential-48-lavados/R-VC4AECOMM-128595/p,Suavizante concentrado premium gold Carrefour Essential 48 lavados.,"2,35 €",,"0,05 €/lavado",,Limpieza y Hogar,Cuidado de la Ropa,Suavizantes,https://static.carrefour.es/hd_510x_/img_pim_food/128595_00_1.jpg
https://www.carrefour.es/supermercado/sopa-de-ave-con-arroz-gallina-blanca-80-g/R-521005766/p,Sopa de ave con arroz Gallina Blanca 80 g.,"0,92 €",,"11,50 €/kg",,La Despensa,"Conservas, Sopas y Precocinados","Caldos, Sopas y Pure",https://static.carrefour.es/hd_510x_/img_pim_food/002337_00_1.jpg
https://www.carrefour.es/supermercado/pate-de-pollo-casa-tarradellas-sin-gluten-125-g/R-prod290179/p,Paté de pollo Casa Tarradellas sin gluten 125 g.,"1,25 €",,"10,00 €/kg",,Productos Frescos,Charcutería,"Foie, Patés y Sobrasadas",https://static.carrefour.es/hd_510x_/img_pim_food/035377_00_1.jpg
https://www.carrefour.es/supermercado/canelones-de-setas-carrefour-extra-550-g/R-VC4AECOMM-100060/p,Canelones de setas Carrefour Extra 550 g.,"3,89 €",,"7,07 €/kg",,Congelados,Rebozados y Platos Preparados,,https://static.carrefour.es/hd_510x_/img_pim_food/100060_00_1.jpg
https://www.carrefour.es/supermercado/menestra-de-verduras-findus-1-kg/R-763300104/p,Menestra de verduras Findus 1 kg.,"4,75 €",,"4,75 €/kg",,Congelados,Verduras Congeladas,,https://static.carrefour.es/hd_510x_/img_pim_food/435037_00_1.jpg
https://www.carrefour.es/supermercado/queso-de-mezcla-semicurado-ya-cortado-carrefour-classic-cuna-de-250-g/R-VC4AECOMM-711241/p,Queso de mezcla semicurado ya cortado Carrefour Classic cuña de 250 g,"3,29 €",,"13,16 €/kg",,Productos Frescos,Quesos,Semicurado,https://static.carrefour.es/hd_510x_/img_pim_food/711241_00_1.jpg
https://www.carrefour.es/supermercado/yogur-sabor-vainilla-con-grageas-de-chocolate-nestle-smarties-pack-de-2-unidades-de-128-g/R-prod64313/p,Yogur sabor vainilla con grageas de chocolate Nestlé Smarties pack de 2 unidades de 128 g.,"2,09 €",,"8,16 €/kg",,La Despensa,Yogures y Postres,Yogures Infantiles,https://static.carrefour.es/hd_510x_/img_pim_food/964152_00_1.jpg
https://www.carrefour.es/supermercado/barritas-fortalecedor-para-canarios-vitakraft-2-uds/R-553703586/p,Barritas fortalecedor para canarios Vitakraft 2 uds,"1,66 €",,"0,83 €/ud",,Mascotas,Pájaros,Pienso para pájaros,https://static.carrefour.es/hd_510x_/img_pim_food/393117_00_1.jpg
https://www.carrefour.es/supermercado/protector-talon-de-gel-carrefour-1-ud/R-795189258/p,Protector talón de gel Carrefour 1 ud.,"3,65 €",,"3,65 €/ud",,Limpieza y Hogar,Calzado,Plantillas de Calzado,https://static.carrefour.es/hd_510x_/img_pim_food/895759_00_1.jpg
https://www.carrefour.es/supermercado/salchichas-con-queso-cheddar-cheeselovers-oscar-mayer-sin-gluten-275-g/R-fprod1200094/p,Salchichas con queso cheddar Cheeselovers Oscar Mayer sin gluten 275 g.,"2,75 €",,"10,00 €/kg",,Productos Frescos,Charcutería,Salchichas,https://static.carrefour.es/hd_510x_/img_pim_food/254064_00_1.jpg
https://www.carrefour.es/supermercado/cerveza-amstel-radler-con-limon-pack-de-6-botellas-de-25-cl/R-prod72704/p,Cerveza Amstel Radler con limón pack de 6 botellas de 25 cl.,"4,55 €",,"3,03 €/l",,Bebidas,Cerveza,"Radler, Clara",https://static.carrefour.es/hd_510x_/img_pim_food/201557_00_1.jpg
https://www.carrefour.es/supermercado/collar-antiparasitario-marron-oscuro-dixie/R-VC4AECOMM-485366/p,Collar antiparasitario marrón oscuro Dixie,"4,69 €",,"4,69 €/ud",,Mascotas,Perros,Higiene,https://static.carrefour.es/hd_510x_/img_pim_food/485366_00_1.jpg
https://www.carrefour.es/supermercado/compresas-ultra-finas-con-alas-normal-plus-pure-carrefour-soft-14-ud/R-VC4AECOMM-681315/p,Compresas ultra finas con alas normal plus Pure Carrefour Soft 14 ud.,"1,41 €",,"0,10 €/ud",,Perfumería e Higiene,Higiene íntima,Compresas,https://static.carrefour.es/hd_510x_/img_pim_food/681315_00_1.jpg
https://www.carrefour.es/supermercado/film-transparente-con-sierra-de-corte-carrefour-60-metros/R-prod392791/p,Film transparente con sierra de corte Carrefour 60 metros.,"1,45 €",,"0,02 €/m",,Limpieza y Hogar,Conservación de Alimentos,Film Transparente,https://static.carrefour.es/hd_510x_/img_pim_food/467751_00_1.jpg
https://www.carrefour.es/supermercado/galleta-banada-colacao-157-g/R-VC4AECOMM-305409/p,Galleta bañada ColaCao 157 g.,"2,85 €",,"17,81 €/kg",,La Despensa,Desayuno,Galletas,https://static.carrefour.es/hd_510x_/img_pim_food/305409_00_1.jpg
https://www.carrefour.es/supermercado/levadura-de-cerveza-desamargada-carrefour-150-g/R-prod720769/p,Levadura de cerveza desamargada Carrefour 150 g.,"5,05 €",,"33,67 €/kg",,La Despensa,Alimentación,Vitaminas y Complementos,https://static.carrefour.es/hd_510x_/img_pim_food/282017_00_1.jpg
https://www.carrefour.es/supermercado/estuche-de-jamon-de-cebo-iberico-50-raza-iberica-sin-gluten-y-sin-lactosa-3-sobres-de-60-g/R-VC4AECOMM-130728/p,Estuche de Jamón de Cebo Ibérico 50% Raza Ibérica sin gluten y sin lactosa 3 sobres de 60 g,"13,09 €",,"72,72 €/kg",,Productos Frescos,Charcutería,Tablas y Surtidos,https://static.carrefour.es/hd_510x_/img_pim_food/130728_00_1.jpg
https://www.carrefour.es/supermercado/ensalada-gourmet-carrefour-200-g/R-521032378/p,Ensalada gourmet Carrefour 200 g,"1,19 €",,"5,95 €/kg",,Productos Frescos,Verduras y hortalizas,Ensaladas y Verduras Preparadas,https://static.carrefour.es/hd_510x_/img_pim_food/261723_00_1.jpg
https://www.carrefour.es/supermercado/carrillada-de-cerdo-iberico-carrefour-400-g-aprox/R-VC4AECOMM-517433/p,Carrillada de Cerdo Ibérico Carrefour 400 g aprox,"8,95 €",,"17,90 €/kg",,Productos Frescos,Carnicería,Cerdo,https://static.carrefour.es/hd_510x_/img_pim_food/517433_00_1.jpg
https://www.carrefour.es/supermercado/copa-mousse-de-chocolate-con-nata-pasteurizada-carrefour-pack-de-4-unidades-de-80-g/R-530363096/p,Copa mousse de chocolate con nata pasteurizada Carrefour pack de 4 unidades de 80 g.,"1,89 €",,"5,91 €/kg",,La Despensa,Yogures y Postres,"Natillas, Cremas y Copas",https://static.carrefour.es/hd_510x_/img_pim_food/160266_00_1.jpg
https://www.carrefour.es/supermercado/vino-tinto-roble-tempranillo-de-nuestra-tierra-do-ribera-de-duero-75-cl/R-VC4AECOMM-025042/p,De Nuestra Tierra Tinto Roble 2022,"7,85 €",,"7,85 €/ud",,,,,https://static.carrefour.es/hd_510x_/img_pim_food/025042_00_1.jpg
https://www.carrefour.es/supermercado/vino-do-rioja-tinto-reserva-monte-haro-federico-paternina-pack-de-6-botellas-de-75-cl/R-805525727/p,Vino D.O. Rioja tinto reserva Monte Haro Federico Paternina pack de 6 botellas de 75 cl.,"30,80 €",,"30,80 €/ud",,,,,https://static.carrefour.es/hd_510x_/img_pim_food/924176_00_1.jpg
https://www.carrefour.es/supermercado/queso-mini-de-cabra-bifidus-carrefour-extra-400-g/R-VC4AECOMM-679993/p,Queso mini de cabra bifidus Carrefour Extra 400 g,"9,78 €",,"24,45 €/kg",,Productos Frescos,Quesos,Tierno,https://static.carrefour.es/hd_510x_/img_pim_food/679993_00_1.jpg
https://www.carrefour.es/supermercado/antical-para-lavadora-en-gel-power-gel-calgon-750-ml/R-521001533/p,Antical para lavadora en gel Power Gel Calgon 750 ml.,"9,85 €",,"13,13 €/l",,Limpieza y Hogar,Cuidado de la Ropa,Limpiadores y Antical para Lavadora,https://static.carrefour.es/hd_510x_/img_pim_food/404962_00_1.jpg
https://www.carrefour.es/supermercado/ciabatta-cristal-gouda-1-ud/R-VC4AECOMM-651650/p,Ciabatta Cristal Gouda 1 ud.,"0,59 €",,"5,36 €/kg",,Productos Frescos,Panadería Tradicional,Pan Tradicional,https://static.carrefour.es/hd_510x_/img_pim_food/651650_00_1.jpg
https://www.carrefour.es/supermercado/nata-montada-azucarada-ligera-carrefour-spray-250-g/R-787879747/p,Nata montada azucarada ligera Carrefour spray 250 g.,"1,76 €",,"7,04 €/kg",,La Despensa,Lácteos,Nata,https://static.carrefour.es/hd_510x_/img_pim_food/881965_00_1.jpg
https://www.carrefour.es/supermercado/jamon-cocido-en-lonchas-el-pozo-sin-gluten-y-sin-lactosa-80-g/R-VC4AECOMM-135079/p,Jamón Cocido en lonchas El Pozo sin gluten y sin lactosa 80 g,"1,00 €",,"12,50 €/kg",,Productos Frescos,Charcutería,Jamón Cocido y Lacón,https://static.carrefour.es/hd_510x_/img_pim_food/135079_00_1.jpg
https://www.carrefour.es/supermercado/cafe-suave-en-capsulas-carrefour-extra-compatible-con-nespresso-20-ud/R-VC4AECOMM-276097/p,Café suave en cápsulas Carrefour Extra compatible con Nespresso 20 ud.,"3,85 €",,"37,02 €/kg",,La Despensa,Desayuno,Cafés,https://static.carrefour.es/hd_510x_/img_pim_food/276097_00_1.jpg
https://www.carrefour.es/supermercado/leche-infantil-de-crecimiento-3-desde-12-meses-ecologica-hipp-brik-500-g/R-741800815/p,Leche infantil de crecimiento 3 desde 12 meses ecológica HiPP brik 500 g.,"14,15 €",,"28,30 €/kg",,Bebé,Alimentación infantil,Leches Infantiles,https://static.carrefour.es/hd_510x_/img_pim_food/691427_00_1.jpg
https://www.carrefour.es/supermercado/crema-facial-de-dia-fp30-con-q10-natural-creatina-q10-power-antiarrugas-firmeza-nivea-50-ml/R-817316829/p,Crema facial de día FP30 con Q10 natural & creatina Q10 Power Antiarrugas + Firmeza Nivea 50 ml.,"13,09 €",,"26,18 €/100ml",,Perfumería e Higiene,Cuidado y Protección Corporal,Piel,https://static.carrefour.es/hd_510x_/img_pim_food/950325_00_1.jpg
https://www.carrefour.es/supermercado/sal-marina-para-hornear-roca-2-kg/R-590507506/p,Sal marina para hornear Roca 2 kg.,"1,25 €",,"0,62 €/kg",,La Despensa,Alimentación,Sales y Bicarbonatos,https://static.carrefour.es/hd_510x_/img_pim_food/530248_00_1.jpg
https://www.carrefour.es/supermercado/helado-de-vainilla-carrefour-extra-sin-gluten-sin-lactosa-480-g/R-VC4AECOMM-414327/p,Helado de vainilla Carrefour Extra sin gluten sin lactosa 480 g.,"4,35 €",,"9,06 €/kg",,Congelados,Helados,Tarrinas,https://static.carrefour.es/hd_510x_/img_pim_food/414327_00_1.jpg
https://www.carrefour.es/supermercado/pincho-moruno-de-cerdo-adobado-carrefour-el-mercado-340-g/R-VC4AECOMM-058426/p,Pincho Moruno de Cerdo Adobado Carrefour El Mercado 340 g,"3,00 €",,"8,82 €/kg",,Productos Frescos,Carnicería,Otras carnes,https://static.carrefour.es/hd_510x_/img_pim_food/058426_00_1.jpg
https://www.carrefour.es/supermercado/gambon-crudo-grande-carrefour-2-kg/R-VC4AECOMM-550529/p,Gambón crudo grande Carrefour 2 kg.,"18,35 €",,"9,17 €/kg",,Congelados,Mariscos Congelados,,https://static.carrefour.es/hd_510x_/img_pim_food/550529_00_1.jpg
https://www.carrefour.es/supermercado/gintonic-00-london-dry-tanqueray-sin-alcohol-lata-250-ml/R-VC4AECOMM-231781/p,"Gin&Tonic 0,0 London dry Tanqueray sin alcohol lata 250 ml.","2,95 €",,"11,80 €/l",,Bebidas,Alcoholes,Ginebra,https://static.carrefour.es/hd_510x_/img_pim_food/231781_00_1.jpg
https://www.carrefour.es/supermercado/pan-de-molde-sin-corteza-natural-100-bimbo-450-g/R-fprod1330003/p,Pan de molde sin corteza Natural 100% Bimbo 450 g.,"3,15 €",,"7,00 €/kg",,La Despensa,"Panaderia, Bollería y Pastelería",Pan de Molde,https://static.carrefour.es/hd_510x_/img_pim_food/335649_00_1.jpg
https://www.carrefour.es/supermercado/galletas-mini-con-tableta-de-chocolate-con-leche-carrefour-classic-160-g/R-VC4AECOMM-601132/p,Galletas mini con tableta de chocolate con leche Carrefour Classic 160 g.,"2,05 €",,"12,81 €/kg",,La Despensa,Desayuno,Galletas,https://static.carrefour.es/hd_510x_/img_pim_food/601132_00_1.jpg
https://www.carrefour.es/supermercado/cafe-molido-mezcla-descafeinado-la-estrella-250-g/R-538001468/p,Café molido mezcla descafeinado La Estrella 250 g.,"3,59 €",,"14,36 €/kg",,La Despensa,Desayuno,Cafés,https://static.carrefour.es/hd_510x_/img_pim_food/034648_00_1.jpg
https://www.carrefour.es/supermercado/recambio-de-rodillo-quitapelusas-91m-scotch-brite-56-usos/R-609800802/p,"Recambio de Rodillo Quitapelusas 9,1m SCOTCH BRITE 56 usos","5,75 €",,"5,75 €/ud",,Limpieza y Hogar,Utensilios de Limpieza,Otros útiles,https://static.carrefour.es/hd_510x_/img_pim_food/157334_00_1.jpg
https://www.carrefour.es/supermercado/tortitas-con-canela-sin-azucar-ines-rosales-180-g/R-fprod1450127/p,Tortitas con canela sin azúcar Inés Rosales 180 g.,"3,19 €",,"17,72 €/kg",,La Despensa,"Panaderia, Bollería y Pastelería",Bollería,https://static.carrefour.es/hd_510x_/img_pim_food/381472_00_1.jpg
https://www.carrefour.es/supermercado/tiburon-vegetal-carrefour-500-g/R-521005651/p,Tiburón vegetal Carrefour 500 g.,"0,79 €",,"1,58 €/kg",,La Despensa,Alimentación,Pastas,https://static.carrefour.es/hd_510x_/img_pim_food/507045_00_1.jpg
https://www.carrefour.es/supermercado/ambientador-de-mecha-ropa-limpia-carrefour-essential-375-ml/R-VC4AECOMM-683854/p,Ambientador de mecha ropa limpia Carrefour Essential 375 ml.,"1,58 €",,"4,21 €/l",,Limpieza y Hogar,Ambientadores,Absorbeolores,https://static.carrefour.es/hd_510x_/img_pim_food/683854_00_1.jpg
https://www.carrefour.es/supermercado/gel-wc-desinfectante-frescor-montana-con-lejia-sanicentro-1-l/R-804031203/p,Gel WC desinfectante frescor montaña con lejia Sanicentro 1 l.,"2,15 €",,"2,15 €/l",,Limpieza y Hogar,Productos para Baño,WC,https://static.carrefour.es/hd_510x_/img_pim_food/762279_00_1.jpg
https://www.carrefour.es/supermercado/chocolate-con-leche-y-trocitos-de-avellanas-carre-suisse-sin-gluten-y-sin-azucar-anadido-90-g/R-VC4AECOMM-382617/p,Chocolate con leche y trocitos de avellanas Carre Suisse sin gluten y sin azúcar añadido 90 g.,"4,49 €",,"49,89 €/kg",,La Despensa,Dulce,Bombones y Chocolates,https://static.carrefour.es/hd_510x_/img_pim_food/382617_00_1.jpg
https://www.carrefour.es/supermercado/compresas-para-incontinencia-maxi-night-dermoseda-indasec-12-ud/R-758202792/p,Compresas para incontinencia maxi night Dermoseda Indasec 12 ud.,"7,15 €",,"0,60 €/ud",,Perfumería e Higiene,Higiene íntima,Incontinencia,https://static.carrefour.es/hd_510x_/img_pim_food/767197_00_1.jpg
https://www.carrefour.es/supermercado/helado-gold-caramel-billionaire-double-magnum-440-ml/R-VC4AECOMM-632084/p,Helado Gold Caramel Billionaire Double Magnum 440 ml.,"7,29 €",,"16,57 €/l",,,,,https://static.carrefour.es/hd_510x_/img_pim_food/632084_00_1.jpg
https://www.carrefour.es/supermercado/mini-tortillas-de-trigo-carrefour-sensation-12-ud/R-VC4AECOMM-696526/p,Mini tortillas de trigo Carrefour Sensation 12 ud.,"1,75 €",,"5,83 €/kg",,La Despensa,"Conservas, Sopas y Precocinados",Masa Fresca y Bases,https://static.carrefour.es/hd_510x_/img_pim_food/696526_00_1.jpg
https://www.carrefour.es/supermercado/queso-de-untar-clasico-classic-carrefour-300-g/R-804713848/p,Queso de untar clásico Classic´ Carrefour 300 g.,"1,29 €",,"4,30 €/kg",,Productos Frescos,Quesos,Crema de queso,https://static.carrefour.es/hd_510x_/img_pim_food/918951_00_1.jpg
https://www.carrefour.es/supermercado/mermelada-de-albaricoque-categoria-extra-carrefour-410-g/R-521003424/p,Mermelada de albaricoque categoría extra Carrefour 410 g.,"1,44 €",,"3,51 €/kg",,La Despensa,Dulce,"Mermeladas, Membrillos y Compotas",https://static.carrefour.es/hd_510x_/img_pim_food/228273_00_1.jpg
https://www.carrefour.es/supermercado/leche-condensada-entera-classic-carrefour-1-kg/R-VC4AECOMM-599715/p,Leche condensada entera Classic Carrefour 1 kg.,"3,69 €",,"3,69 €/kg",,La Despensa,Lácteos,"Leche Condensada, Evaporada y en Polvo",https://static.carrefour.es/hd_510x_/img_pim_food/599715_00_1.jpg
https://www.carrefour.es/supermercado/extracto-de-cereales-solubles-carrefour-200-g/R-521003106/p,Extracto de cereales solubles Carrefour 200 g.,"2,79 €",,"13,95 €/kg",,La Despensa,Desayuno,Cacaos y Cereales Solubles,https://static.carrefour.es/hd_510x_/img_pim_food/013819_00_1.jpg
https://www.carrefour.es/supermercado/pila-recargable-2-ud-hr03-extreme-800-mah-energizer/R-VC4AECOMM-450443/p,Pila Recargable 2 ud HR03 Extreme 800 MAH Energizer,"11,55 €",,"5,77 €/ud",,Limpieza y Hogar,Bazar,Pilas,https://static.carrefour.es/hd_510x_/img_pim_food/450443_00_1.jpg
https://www.carrefour.es/supermercado/sucedaneo-de-angulas-200-g/R-531705245/p,Sucedáneo de angulas 200 g.,"1,69 €",,"8,45 €/kg",,Congelados,Surimi Congelado,,https://static.carrefour.es/hd_510x_/img_pim_food/181353_00_1.jpg
https://www.carrefour.es/supermercado/jabon-de-manos-glicerina-soft-carrefour-500-ml/R-VC4AECOMM-434670/p,Jabón de manos glicerina Soft Carrefour 500 ml,"1,60 €",,"0,32 €/100ml",,Perfumería e Higiene,Baño e Higiene Corporal,Jabón de Manos,https://static.carrefour.es/hd_510x_/img_pim_food/434670_00_1.jpg
https://www.carrefour.es/supermercado/lentejas-cocidas-sin-sal-anadida-categoria-extra-carrefour-400-g/R-521005483/p,Lentejas cocidas sin sal añadida categoría Extra Carrefour 400 g.,"0,84 €",,"2,10 €/kg",,La Despensa,Alimentación,Legumbres,https://static.carrefour.es/hd_510x_/img_pim_food/709624_00_1.jpg
https://www.carrefour.es/supermercado/agua-de-colonia-luca-atrevido-les-cosmetiques-100-ml/R-VC4AECOMM-602182/p,Agua de colonia luca atrevido Les Cosmetiques 100 ml.,"6,75 €",,"6,75 €/100ml",,Perfumería e Higiene,Baño e Higiene Corporal,Colonias,https://static.carrefour.es/hd_510x_/img_pim_food/602182_00_1.jpg
https://www.carrefour.es/supermercado/acelgas-manojo-de-800-g/R-521032289/p,Acelgas manojo de 800 g,"2,03 €",,"2,54 €/kg",,Productos Frescos,Verduras y hortalizas,Hortalizas,https://static.carrefour.es/hd_510x_/img_pim_food/176736_00_1.jpg
https://www.carrefour.es/supermercado/vino-do-ribera-del-duero-tinto-crianza-ecologico-el-hayedo-75-cl/R-prod1100008/p,El Hayedo Tinto Crianza 2020,"12,69 €",,"12,69 €/ud",,Bebidas,Vinos,Tinto,https://static.carrefour.es/hd_510x_/img_pim_food/148233_00_1.jpg
https://www.carrefour.es/supermercado/fideos-instantaneos-chinos-soubry-250-g/R-529043183/p,Fideos instantaneos chinos Soubry 250 g.,"1,91 €",,"7,64 €/kg",,La Despensa,"Conservas, Sopas y Precocinados",Platos Preparados,https://static.carrefour.es/hd_510x_/img_pim_food/028491_00_1.jpg
https://www.carrefour.es/supermercado/vino-tinto-reserva-tempranillo-enrique-i-do-ribera-del-duero75-cl/R-834407665/p,Vino tinto reserva tempranillo Enrique I D.O. Ribera del Duero75 cl.,"7,89 €",,"7,89 €/ud",,Bebidas,Vinos,Tinto,https://static.carrefour.es/hd_510x_/img_pim_food/971260_00_1.jpg
https://www.carrefour.es/supermercado/detergente-liquido-complet-norit-35-lavados/R-VC4AECOMM-204271/p,Detergente líquido Complet Norit 35 lavados,"8,09 €",,"0,23 €/lavado",,Limpieza y Hogar,Cuidado de la Ropa,Detergentes,https://static.carrefour.es/hd_510x_/img_pim_food/204271_00_1.jpg
https://www.carrefour.es/supermercado/bifidus-liquido-de-mango-y-melocoton-nestle-sin-gluten-750-g/R-VC4AECOMM-024632/p,Bífidus liquido de mango y melocotón Nestlé sin gluten 750 g.,"2,25 €",,"3,00 €/kg",,La Despensa,Yogures y Postres,Yogur Natural y Sabores,https://static.carrefour.es/hd_510x_/img_pim_food/024632_00_1.jpg
https://www.carrefour.es/supermercado/pasa-thompson-sin-semilla-carrefour-el-mercado-tarrina-de-300-g/R-prod1070672/p,Pasa Thompson sin semilla Carrefour El Mercado tarrina de 300 g,"2,19 €",,"7,30 €/kg",,La Despensa,Aperitivos,Frutos Secos,https://static.carrefour.es/hd_510x_/img_pim_food/142288_00_1.jpg
https://www.carrefour.es/supermercado/compresas-super-fina-y-segura-evax-13-ud/R-prod820119/p,Compresas super Fina y Segura Evax 13 ud.,"1,90 €",,"0,15 €/ud",,Perfumería e Higiene,Higiene íntima,Compresas,https://static.carrefour.es/hd_510x_/img_pim_food/251067_00_1.jpg
https://www.carrefour.es/supermercado/mejillones-de-chile-en-escabeche-14-20-simpl-sin-gluten-pack-de-3-unidades-de-43-g/R-VC4AECOMM-374053/p,Mejillones de Chile en escabeche 14/20 Simpl sin gluten pack de 3 unidades de 43 g.,"2,45 €",,"18,99 €/kg",,La Despensa,"Conservas, Sopas y Precocinados",Conservas de Pescado y Marisco,https://static.carrefour.es/hd_510x_/img_pim_food/374053_00_1.jpg
https://www.carrefour.es/supermercado/crema-de-galletas-crunchy-lotus-biscoff-380-g/R-prod720947/p,Crema de galletas crunchy Lotus Biscoff 380 g.,"3,55 €",,"9,34 €/kg",,La Despensa,Dulce,"Cremas de Cacao, Avellana y Cacahuete",https://static.carrefour.es/hd_510x_/img_pim_food/853250_00_1.jpg
https://www.carrefour.es/supermercado/galletas-campurrianas-cuetara-755-g/R-521012463/p,Galletas Campurrianas Cuétara 755 g.,"4,29 €",,"5,36 €/kg",,La Despensa,Desayuno,Galletas,https://static.carrefour.es/hd_510x_/img_pim_food/001663_00_1.jpg
https://www.carrefour.es/supermercado/colageno-con-magnesio-calcio-sicilio-vitaminas-c-y-d-en-comprimidos-naturtierra-sin-gluten-180-ud/R-prod1000617/p,Colágeno con magnesio + calcio + sicilio + vitaminas C y D en comprimidos NaturTierra sin gluten 180 ud.,"7,59 €",,"42,17 €/100g",,La Despensa,Alimentación,Vitaminas y Complementos,https://static.carrefour.es/hd_510x_/img_pim_food/081962_00_1.jpg
https://www.carrefour.es/supermercado/margarina-original-proactiv-sin-gluten-sin-lactosa-sin-aceite-de-palma-450-g/R-VC4AECOMM-057234/p,Margarina original ProActiv sin gluten sin lactosa sin aceite de palma 450 g.,"5,35 €",,"11,89 €/kg",,La Despensa,Lácteos,Mantequillas y Margarinas,https://static.carrefour.es/hd_510x_/img_pim_food/057234_00_1.jpg
https://www.carrefour.es/supermercado/esparragos-blancos-cortos-medios-10-18-carrefour-110-g/R-prod680019/p,Espárragos blancos cortos medios 10/18 Carrefour 110 g.,"1,55 €",,"14,09 €/kg",,La Despensa,"Conservas, Sopas y Precocinados",Conservas de Vegetales,https://static.carrefour.es/hd_510x_/img_pim_food/846475_00_1.jpg
https://www.carrefour.es/supermercado/filetes-de-caballa-al-grill-y-al-natural-isabel-85-g/R-prod190063/p,Filetes de caballa al grill y al natural Isabel 85 g.,"3,89 €",,"46,31 €/kg",,La Despensa,"Conservas, Sopas y Precocinados",Conservas de Pescado y Marisco,https://static.carrefour.es/hd_510x_/img_pim_food/192973_00_1.jpg
https://www.carrefour.es/supermercado/calabacin-carrefour-a-granel-12-kg-aprox/R-VC4AECOMM-431967/p,"Calabacín Carrefour a granel 1,2 kg aprox","2,22 €",,"1,85 €/kg",,Productos Frescos,Verduras y hortalizas,Hortalizas,https://static.carrefour.es/hd_510x_/img_pim_food/431967_00_1.jpg
https://www.carrefour.es/supermercado/estuche-de-2-botellas-de-vino-tinto-crianza-75-cl-1-botella-de-vino-tinto-crianza-el-coto-do-ca-rioja-50-cl/R-693502443/p,Estuche 3 Botellas (2 Bot. 75 Cl + 1 Bot. 50 Cl.) El Coto Tinto 2020,"12,59 €",,"12,59 €/ud",,Bebidas,Vinos,Tinto,https://static.carrefour.es/hd_510x_/img_pim_food/090378_00_1.jpg
https://www.carrefour.es/supermercado/jamon-curado-gran-reserva-alarcos-7-kg-aprox/R-VC4AECOMM-195157/p,Jamón Curado Gran Reserva Alarcos 7 kg aprox.,"79,00 €",,"10,53 €/kg",,Productos Frescos,Charcutería,Jamón serrano e ibérico Pieza,https://static.carrefour.es/hd_510x_/img_pim_food/195157_00_1.jpg
https://www.carrefour.es/supermercado/vino-blanco-joven-riesling-catacrack-75-cl/R-VC4AECOMM-438850/p,Vino blanco joven riesling Catacrack 75 cl.,"3,49 €",,"3,49 €/ud",,Bebidas,Vinos,Blanco,https://static.carrefour.es/hd_510x_/img_pim_food/438850_00_1.jpg
https://www.carrefour.es/supermercado/queso-halloumi-alambra-iberconseil-225-g/R-VC4AECOMM-683741/p,Queso Halloumi Alambra Iberconseil 225 g,"6,31 €",,"28,04 €/kg",,Productos Frescos,Quesos,Otros Internacionales,https://static.carrefour.es/hd_510x_/img_pim_food/683741_00_1.jpg
https://www.carrefour.es/supermercado/mermelada-de-melocoton-diet-la-vieja-fabrica-sin-gluten-280-g/R-757607325/p,Mermelada de melocotón Diet La Vieja Fábrica sin gluten 280 g.,"2,99 €",,"10,68 €/kg",,,,,https://static.carrefour.es/hd_510x_/img_pim_food/766644_00_1.jpg
https://www.carrefour.es/supermercado/coloracion-permanente-n-61-rubio-oscuro-ceniza-intensive-color-cream-palette-1-ud/R-797608486/p,Coloración permanente nº 6.1 rubio oscuro ceniza Intensive Color Cream Palette 1 ud.,"4,79 €",,"4,79 €/ud",,Perfumería e Higiene,Cabello,Tinte,https://static.carrefour.es/hd_510x_/img_pim_food/900612_00_1.jpg
https://www.carrefour.es/supermercado/spray-fijador-de-maquillaje-pro-fix-revolution-1-ud/R-fprod1270336/p,Spray fijador de maquillaje Pro Fix Revolution 1 ud.,"7,05 €",,"7,05 €/ud",,Perfumería e Higiene,Cosmética,Rostro,https://static.carrefour.es/hd_510x_/img_pim_food/326011_00_1.jpg
https://www.carrefour.es/supermercado/aceite-de-oliva-virgen-extra-coosur-garrafa-de-5-l/R-fprod1480043/p,Aceite de oliva virgen extra Coosur garrafa de 5 l.,"53,96 €",,"10,79 €/l",,La Despensa,Alimentación,Aceites y vinagres,https://static.carrefour.es/hd_510x_/img_pim_food/409782_00_1.jpg
https://www.carrefour.es/supermercado/croquetas-de-carrillada-carrefour-extra-190-g/R-VC4AECOMM-101599/p,Croquetas de carrillada Carrefour Extra 190 g.,"2,79 €",,"14,68 €/kg",,La Despensa,"Conservas, Sopas y Precocinados",Croquetas y Rebozados,https://static.carrefour.es/hd_510x_/img_pim_food/101599_00_1.jpg
https://www.carrefour.es/supermercado/agua-de-colonia-gotas-frescas-instituto-espanol-750-ml/R-653301967/p,Agua de colonia Gotas Frescas Instituto Español 750 ml.,"8,89 €",,"1,19 €/100ml",,Perfumería e Higiene,Baño e Higiene Corporal,Colonias,https://static.carrefour.es/hd_510x_/img_pim_food/180749_00_1.jpg
https://www.carrefour.es/supermercado/tinte-permanente-sin-amoniaco-1-10-negro-intenso-oleo-intense-syoss-1-ud/R-prod860232/p,Tinte permanente sin amoniaco 1-10 negro intenso Oleo Intense SYOSS 1 ud.,"6,45 €",,"6,45 €/ud",,Perfumería e Higiene,Cabello,Tinte,https://static.carrefour.es/hd_510x_/img_pim_food/386250_00_1.jpg
https://www.carrefour.es/supermercado/cava-codorniu-benjamin-seco-de-20-cl/R-521007948/p,Cava Codorníu Benjamín seco de 20 cl.,"7,25 €",,"7,25 €/ud",,,,,https://static.carrefour.es/hd_510x_/img_pim_food/000257_00_1.jpg
https://www.carrefour.es/supermercado/chocolate-negro-con-flor-de-sal-selection-carrefour-100-g/R-752014346/p,Chocolate negro con flor de sal Selection Carrefour 100 g.,"1,67 €",,"16,70 €/kg",,La Despensa,Dulce,Bombones y Chocolates,https://static.carrefour.es/hd_510x_/img_pim_food/761751_00_1.jpg
https://www.carrefour.es/supermercado/batido-de-fresa-oey-botella-750-ml/R-664810660/p,Batido de fresa Oey botella 750 ml.,"1,95 €",,"2,60 €/l",,La Despensa,Lácteos,Batidos y Horchatas,https://static.carrefour.es/hd_510x_/img_pim_food/007208_00_1.jpg
https://www.carrefour.es/supermercado/refresco-de-manzana-carrefour-sin-gas-botella-15-l/R-625820249/p,"Refresco de manzana Carrefour sin gas botella 1,5 l.","0,99 €",,"0,66 €/l",,Bebidas,Refrescos,Sabores sin Gas,https://static.carrefour.es/hd_510x_/img_pim_food/802752_00_1.jpg
https://www.carrefour.es/supermercado/peptidos-de-colageno-vital-proteins-567-g/R-VC4AECOMM-795601/p,Péptidos de colágeno Vital Proteins 567 g.,"41,60 €",,"7,34 €/100g",,La Despensa,Alimentación,Vitaminas y Complementos,https://static.carrefour.es/hd_510x_/img_pim_food/795601_00_1.jpg
https://www.carrefour.es/supermercado/comida-humeda-sabores-mixtos-en-salsa-para-perro-pedigree-pack-de-12-unidades-de-100-g/R-VC4AECOMM-189589/p,Comida húmeda sabores mixtos en salsa para perro Pedigree pack de 12 unidades de 100 g.,"9,05 €",,"7,54 €/kg",,Mascotas,Perros,Pienso para perros,https://static.carrefour.es/hd_510x_/img_pim_food/189589_00_1.jpg
https://www.carrefour.es/supermercado/tomate-frito-solis-sin-gluten-pack-2-tarros-de-460-g/R-589707507/p,Tomate frito Solís sin gluten pack 2 tarros de 460 g.,"3,99 €",,"4,34 €/kg",,La Despensa,Alimentación,Salsas y Tomate Frito,https://static.carrefour.es/hd_510x_/img_pim_food/305012_00_1.jpg
https://www.carrefour.es/supermercado/tarta-infantil-sin-gluten-750-g/R-VC4AECOMM-493250/p,Tarta infantil sin gluten 750 g,"13,89 €",,"18,52 €/kg",,Productos Frescos,Panadería Tradicional,Pastelería y Repostería,https://static.carrefour.es/hd_510x_/img_pim_food/493250_00_1.jpg
https://www.carrefour.es/supermercado/fuet-espetec-carrefour-sin-gluten-2-x170-g/R-prod1120404/p,Fuet espetec Carrefour sin gluten 2 x170 g,"3,75 €",,"11,03 €/kg",,Productos Frescos,Charcutería,"Chorizo, Lomo y Otros",https://static.carrefour.es/hd_510x_/img_pim_food/709945_00_1.jpg
https://www.carrefour.es/supermercado/collar-repelente-de-parasitos-para-gato-y-cachorro-dixie/R-553302037/p,Collar Repelente de Parásitos para Gato y Cachorro Dixie,"4,49 €",,"4,49 €/ud",,Mascotas,Gatos,Accesorios e Higiene,https://static.carrefour.es/hd_510x_/img_pim_food/529886_00_1.jpg
https://www.carrefour.es/supermercado/aperitivo-de-patata-sour-cream-hot-pringles-160-g/R-VC4AECOMM-654072/p,Aperitivo de patata sour cream Hot Pringles 160 g.,"2,25 €",,"14,06 €/kg",,La Despensa,Aperitivos,Patatas Fritas,https://static.carrefour.es/hd_510x_/img_pim_food/654072_00_1.jpg
https://www.carrefour.es/supermercado/galleta-maria-dorada-con-aceite-de-oliva-virgen-carrefour-extra-600-g/R-VC4AECOMM-010716/p,Galleta maría dorada con aceite de oliva virgen Carrefour Extra 600 g.,"2,39 €",,"3,98 €/kg",,,,,https://static.carrefour.es/hd_510x_/img_pim_food/010716_00_1.jpg
https://www.carrefour.es/supermercado/lentejas-con-su-sofrito-ecologicas-litoral-sin-gluten-420-g/R-VC4AECOMM-477320/p,Lentejas con su sofrito ecológicas Litoral sin gluten 420 g.,"3,45 €",,"8,21 €/kg",,La Despensa,"Conservas, Sopas y Precocinados",Platos Preparados,https://static.carrefour.es/hd_510x_/img_pim_food/477320_00_1.jpg
https://www.carrefour.es/supermercado/locion-complete-repair-para-piel-seca-eucerin-400-ml/R-687502754/p,Loción Complete Repair para piel seca Eucerin 400 ml.,"19,89 €",,"4,97 €/100ml",,Parafarmacia,Cuidado corporal,Cremas y Lociones,https://static.carrefour.es/hd_510x_/img_pim_food/078678_00_1.jpg
https://www.carrefour.es/supermercado/desmaquillantes-waterproof-carrefour-soft-75-ml/R-VC4AECOMM-064364/p,Desmaquillantes waterproof Carrefour Soft 75 ml.,"1,81 €",,"2,41 €/100ml",,Perfumería e Higiene,Cuidado y Protección Corporal,Limpieza Facial,https://static.carrefour.es/hd_510x_/img_pim_food/064364_00_1.jpg
https://www.carrefour.es/supermercado/albahaca-cortada-carrefour-el-mercado-20-g/R-600805215/p,Albahaca cortada Carrefour El Mercado 20 g,"1,53 €",,"76,50 €/kg",,Productos Frescos,Verduras y hortalizas,Ensaladas y Verduras Preparadas,https://static.carrefour.es/hd_510x_/img_pim_food/350555_00_1.jpg
https://www.carrefour.es/supermercado/pizza-de-atun-ristorante-dr-oetker-355-g/R-555701608/p,Pizza de atún Ristorante Dr. Oetker 355 g,"3,89 €",,"10,96 €/kg",,Congelados,Pizzas Congeladas,,https://static.carrefour.es/hd_510x_/img_pim_food/262789_00_1.jpg
https://www.carrefour.es/supermercado/tortitas-de-arroz-integral-con-chocolate-negro-sin-azucar-anadido-bicentury-sin-gluten-130-g/R-VC4AECOMM-674361/p,Tortitas de arroz integral con chocolate negro sin azúcar añadido Bicentury sin gluten 130 g.,"2,95 €",,"22,69 €/kg",,La Despensa,Aperitivos,Tortitas,https://static.carrefour.es/hd_510x_/img_pim_food/674361_00_1.jpg
https://www.carrefour.es/supermercado/chocolate-negro-99-lindt-excellence-50-g/R-673601821/p,Chocolate negro 99% Lindt Excellence 50 g.,"3,79 €",,"75,80 €/kg",,La Despensa,Dulce,Bombones y Chocolates,https://static.carrefour.es/hd_510x_/img_pim_food/214459_00_1.jpg
https://www.carrefour.es/supermercado/desinfectante-en-spray-hogar-y-tejidos-sanytol-300-ml/R-804987881/p,Desinfectante en spray hogar y tejidos Sanytol 300 ml.,"4,49 €",,"14,97 €/l",,Limpieza y Hogar,Productos para toda la casa,Limpiacristales y Multiusos,https://static.carrefour.es/hd_510x_/img_pim_food/915660_00_1.jpg
https://www.carrefour.es/supermercado/tarrito-de-arroz-con-pollo-y-verduritas-desde-6-meses-ecologico-carrefour-baby-bio-pack-de-2-unidades-de-200-g/R-VC4AECOMM-432819/p,Tarrito de arroz con pollo y verduritas desde 6 meses ecológico Carrefour Baby Bio pack de 2 unidades de 200 g,"2,69 €",,"6,72 €/kg",,Bebé,Alimentación infantil,Tarritos y Platos Preparados,https://static.carrefour.es/hd_510x_/img_pim_food/432819_00_1.jpg
https://www.carrefour.es/supermercado/chorizo-de-cerdo-iberico-oreado-carrefour-el-mercado-400-g-aprox/R-VC4AECOMM-612716/p,Chorizo de cerdo ibérico oreado Carrefour El Mercado 400 g aprox,"4,60 €",,"11,49 €/kg",,Productos Frescos,Carnicería,Otras carnes,https://static.carrefour.es/hd_510x_/img_pim_food/612716_00_1.jpg
https://www.carrefour.es/supermercado/gel-de-ducha-ice-chill-axe-400-ml/R-prod1130158/p,Gel de ducha Ice Chill Axe 400 ml.,"3,49 €",,"0,87 €/100ml",,Perfumería e Higiene,Baño e Higiene Corporal,Geles de Baño,https://static.carrefour.es/hd_510x_/img_pim_food/177641_00_1.jpg
https://www.carrefour.es/supermercado/helado-de-cheesecake-con-fresas-haagen-dazs-460-ml/R-prod1000095/p,Helado de cheesecake con fresas Häagen Dazs 460 ml.,"7,25 €",,"18,12 €/kg",,Congelados,Helados,Tarrinas,https://static.carrefour.es/hd_510x_/img_pim_food/075651_00_1.jpg
https://www.carrefour.es/supermercado/pilas-alcalinas-9v-duracell-plus-paquete-de-1/R-717313940/p,"Pilas Alcalinas 9V Duracell Plus, paquete de 1","5,79 €",,"5,79 €/ud",,Limpieza y Hogar,Bazar,Pilas,https://static.carrefour.es/hd_510x_/img_pim_food/440442_00_1.jpg
https://www.carrefour.es/supermercado/tarrito-de-platano-manzana-pera-y-mandarina-desde-4-meses-hero-baby-sin-gluten-y-sin-azucar-anadido-190-g/R-VC4AECOMM-476008/p,"Tarrito de plátano, manzana, pera y mandarina desde 4 meses Hero Baby sin gluten y sin azúcar añadido 190 g.","1,64 €",,"8,63 €/kg",,Bebé,Alimentación infantil,"Postres, Zumos, Petit y Yogures Infantiles",https://static.carrefour.es/hd_510x_/img_pim_food/476008_00_1.jpg
https://www.carrefour.es/supermercado/salsa-piamontesa-carrefour-sin-gluten-300-g/R-551802011/p,Salsa piamontesa Carrefour sin gluten 300 g.,"1,40 €",,"4,67 €/kg",,La Despensa,Alimentación,Salsas y Tomate Frito,https://static.carrefour.es/hd_510x_/img_pim_food/243157_00_1.jpg
https://www.carrefour.es/supermercado/vino-tinto-envejecido-en-roble-tempranillo-cepa-gavilan-do-ribera-del-duero-75-cl/R-742319108/p,Cepa Gavilan Tinto Crianza 2021,"12,75 €",,"12,75 €/ud",,Bebidas,Vinos,Tinto,https://static.carrefour.es/hd_510x_/img_pim_food/723623_00_1.jpg
https://www.carrefour.es/supermercado/galletas-de-mantequilla-con-limon-y-jengibre-campbells-125-g/R-prod610032/p,Galletas de mantequilla con limón y jengibre Campbells 125 g.,"4,85 €",,"38,80 €/kg",,La Despensa,Desayuno,Galletas,https://static.carrefour.es/hd_510x_/img_pim_food/841204_00_1.jpg
https://www.carrefour.es/supermercado/crema-facial-hidratante-98-natural-todo-tipo-de-pieles-carrefour-soft-50-ml/R-VC4AECOMM-136929/p,Crema facial hidratante 98% natural todo tipo de pieles Carrefour Soft 50 ml.,"3,39 €",,"6,78 €/100ml",,Perfumería e Higiene,Cosmética,Rostro,https://static.carrefour.es/hd_510x_/img_pim_food/136929_00_1.jpg
https://www.carrefour.es/supermercado/bloc-liquido-wc-floral-antical-carrefour-expert-3-ud/R-522714218/p,Bloc líquido WC floral antical Carrefour Expert 3 ud.,"2,05 €",,"0,68 €/ud",,Limpieza y Hogar,Productos para Baño,WC,https://static.carrefour.es/hd_510x_/img_pim_food/052630_00_1.jpg
https://www.carrefour.es/supermercado/barquillo-relleno-de-crema-capuccino-artinata-artiach-210-g/R-VC4AECOMM-106130/p,Barquillo relleno de crema capuccino Artinata Artiach 210 g.,"2,85 €",,"13,57 €/kg",,La Despensa,Desayuno,Galletas,https://static.carrefour.es/hd_510x_/img_pim_food/106130_00_1.jpg
https://www.carrefour.es/supermercado/cafe-solubre-colombia-nescafe-90-g/R-VC4AECOMM-254903/p,Café solubre Colombia Nescafé 90 g.,"7,19 €",,"79,89 €/kg",,La Despensa,Desayuno,Cafés,https://static.carrefour.es/hd_510x_/img_pim_food/254903_00_1.jpg
https://www.carrefour.es/supermercado/desodorante-en-spray-piel-normal-24h-con-piedra-de-alumbre-natur-protect-sanex-200-ml/R-520664841/p,Desodorante en spray piel normal 24h con piedra de alumbre Natur Protect Sanex 200 ml.,"3,55 €",,"1,77 €/100ml",,Perfumería e Higiene,Baño e Higiene Corporal,Desodorantes,https://static.carrefour.es/hd_510x_/img_pim_food/063882_00_1.jpg
https://www.carrefour.es/supermercado/leche-infantil-para-lactantes-en-polvo-nestle-nan-optipro-1-1200-g/R-VC4AECOMM-708327/p,Leche infantil para lactantes en polvo Nestlé Nan Optipro 1 1200 g.,"29,40 €",,"24,50 €/kg",,Parafarmacia,Bebé,Leche infantil,https://static.carrefour.es/hd_510x_/img_pim_food/708327_00_1.jpg
https://www.carrefour.es/supermercado/champu-fortificante-con-extracto-de-cebolla-carrefour-soft-300-ml/R-VC4AECOMM-141412/p,Champú fortificante con extracto de cebolla Carrefour Soft 300 ml.,"2,05 €",,"0,68 €/100ml",,Perfumería e Higiene,Cabello,Champús,https://static.carrefour.es/hd_510x_/img_pim_food/141412_00_1.jpg
https://www.carrefour.es/supermercado/crema-de-verduras-de-la-huerta-carrefour-sin-gluten-1-l/R-864105677/p,Crema de verduras de la huerta Carrefour sin gluten 1 l.,"2,15 €",,"2,15 €/l",,La Despensa,"Conservas, Sopas y Precocinados","Caldos, Sopas y Pure",https://static.carrefour.es/hd_510x_/img_pim_food/151354_00_1.jpg
https://www.carrefour.es/supermercado/dentifrico-anti-caries-refuerza-el-esmalte-encias-bi-fluore-145-mg-fluocaril-pack-de-2-unidades-de-75-ml/R-VC4AECOMM-704512/p,Dentífrico anti-caries refuerza el esmalte encías Bi-Fluoré 145 mg Fluocaril pack de 2 unidades de 75 ml.,"6,79 €",,"4,53 €/100ml",,Perfumería e Higiene,Boca y Sonrisa,Dentífricos,https://static.carrefour.es/hd_510x_/img_pim_food/704512_00_1.jpg
https://www.carrefour.es/supermercado/pimientos-de-piquillo-natural-carretilla-225-g/R-529043513/p,Pimientos de piquillo natural Carretilla 225 g.,"3,19 €",,"14,18 €/kg",,La Despensa,"Conservas, Sopas y Precocinados",Conservas de Vegetales,https://static.carrefour.es/hd_510x_/img_pim_food/747147_00_1.jpg
https://www.carrefour.es/supermercado/agua-mineral-con-gas-vichy-catalan-natural-sabor-limon-50-cl/R-prod760135/p,Agua mineral con gas Vichy Catalán natural sabor limón 50 cl.,"1,61 €",,"3,22 €/l",,Bebidas,Aguas y Zumos,Agua con gas,https://static.carrefour.es/hd_510x_/img_pim_food/858694_00_1.jpg
https://www.carrefour.es/supermercado/aperitivo-de-maiz-zapitos-carrefour-kids-sin-gluten-80-g/R-804031853/p,Aperitivo de maíz Zapitos Carrefour Kids sin gluten 80 g.,"0,70 €",,"8,75 €/kg",,La Despensa,Aperitivos,Snacks,https://static.carrefour.es/hd_510x_/img_pim_food/908923_00_1.jpg
https://www.carrefour.es/supermercado/gel-de-ducha-coco-sensorial-care-natural-honey-1350-ml/R-814635072/p,Gel de ducha coco Sensorial Care Natural Honey 1350 ml.,"4,39 €",,"0,33 €/100ml",,Perfumería e Higiene,Baño e Higiene Corporal,Geles de Baño,https://static.carrefour.es/hd_510x_/img_pim_food/945406_00_1.jpg
https://www.carrefour.es/supermercado/agua-de-colonia-clasica-gotas-de-oro-600-ml/R-638501745/p,Agua de colonia clásica Gotas de Oro 600 ml.,"8,29 €",,"1,38 €/100ml",,Perfumería e Higiene,Baño e Higiene Corporal,Colonias,https://static.carrefour.es/hd_510x_/img_pim_food/271618_00_1.jpg
https://www.carrefour.es/supermercado/cereales-muesli-con-frutos-secos-extra-kelloggs-375-g/R-prod231477/p,Cereales muesli con frutos secos Extra Kellogg's 375 g.,"4,55 €",,"12,13 €/kg",,La Despensa,Desayuno,Cereales,https://static.carrefour.es/hd_510x_/img_pim_food/017521_00_1.jpg
https://www.carrefour.es/supermercado/pepsi-zero-azucar-lima-botella-175-cl/R-VC4AECOMM-689342/p,"Pepsi zero azúcar lima botella 1,75 cl.","1,83 €",,"1,05 €/l",,Bebidas,Refrescos,Colas,https://static.carrefour.es/hd_510x_/img_pim_food/689342_00_1.jpg
https://www.carrefour.es/supermercado/crema-de-cacahuete-crujiente-sun-pat-200-g/R-590507382/p,Crema de cacahuete crujiente Sun-Pat 200 g.,"4,05 €",,"20,25 €/kg",,La Despensa,Dulce,"Cremas de Cacao, Avellana y Cacahuete",https://static.carrefour.es/hd_510x_/img_pim_food/522138_00_1.jpg
https://www.carrefour.es/supermercado/cerveza-budweiser-lager-lata-33-cl/R-520661187/p,Cerveza Budweiser Lager lata 33 cl.,"0,96 €",,"2,91 €/l
- 5,76 €/6 uds.",,Bebidas,Cerveza,Todas las Cervezas,https://static.carrefour.es/hd_510x_/img_pim_food/007332_00_1.jpg
https://www.carrefour.es/supermercado/garbanzo-pedrosillano-extra-ecologico-carrefour-bio-500-g/R-fprod1260234/p,Garbanzo pedrosillano extra ecológico Carrefour Bio 500 g.,"3,15 €",,"6,30 €/kg",,La Despensa,Alimentación,Legumbres,https://static.carrefour.es/hd_510x_/img_pim_food/322601_00_1.jpg
https://www.carrefour.es/supermercado/gyoza-de-lomo-glaseado-ta-tung-144-g/R-VC4AECOMM-085733/p,Gyoza de lomo glaseado Ta-Tung 144 g.,"4,15 €",,"28,82 €/kg",,La Despensa,"Conservas, Sopas y Precocinados",Platos Preparados,https://static.carrefour.es/hd_510x_/img_pim_food/085733_00_1.jpg
https://www.carrefour.es/supermercado/patata-de-galicia-padro-cachelo-3-kg/R-521035057/p,Patata de Galicia padro cachelo 3 kg,"6,19 €",,"2,06 €/kg",,Productos Frescos,Verduras y hortalizas,"Patatas, Cebollas y Ajos",https://static.carrefour.es/hd_510x_/img_pim_food/171118_00_1.jpg
https://www.carrefour.es/supermercado/multivitaminico-y-multiminerales-hombre-en-capsulas-onevit-sin-gluten-y-sin-lactosa-45-ud/R-VC4AECOMM-486756/p,Multivitamínico y multiminerales hombre en cápsulas Onevit sin gluten y sin lactosa 45 ud.,"7,55 €",,"26,96 €/100g",,Parafarmacia,Nutrición y Dietética,Complementos Vitamínicos,https://static.carrefour.es/hd_510x_/img_pim_food/486756_00_1.jpg
https://www.carrefour.es/supermercado/vino-tinto-joven-mr-tem-75-cl/R-prod690006/p,Vino tinto joven Mr. Tem 75 cl.,"3,15 €",,"3,15 €/ud",,,,,https://static.carrefour.es/hd_510x_/img_pim_food/332542_00_1.jpg
https://www.carrefour.es/supermercado/recambios-maquinilla-labs-gillette-9-ud/R-VC4AECOMM-080686/p,Recambios maquinilla Labs Gillette 9 ud.,"38,90 €",,"4,32 €/ud",,Perfumería e Higiene,Depilación y Afeitado,Maquinillas y Recambios,https://static.carrefour.es/hd_510x_/img_pim_food/080686_00_1.jpg
https://www.carrefour.es/supermercado/arizona-te-verde-con-miel-botella-15-l/R-prod290708/p,"Arizona té verde con miel botella 1,5 l.","2,79 €",,"1,86 €/l",,Bebidas,Refrescos,Té,https://static.carrefour.es/hd_510x_/img_pim_food/346066_00_1.jpg
https://www.carrefour.es/supermercado/champu-aloe-vera-ecologico-carrefour-soft-bio-400-ml/R-VC4AECOMM-694942/p,Champú aloe vera ecológico Carrefour Soft Bio 400 ml.,"3,69 €",,"0,92 €/100ml",,Perfumería e Higiene,Cabello,Champús,https://static.carrefour.es/hd_510x_/img_pim_food/694942_00_1.jpg
https://www.carrefour.es/supermercado/cacahuetes-tostados-con-cascara-original-carrefour-400-g/R-680501911/p,Cacahuetes tostados con cáscara Original Carrefour 400 g.,"1,55 €",,"3,87 €/kg",,La Despensa,Aperitivos,Frutos Secos,https://static.carrefour.es/hd_510x_/img_pim_food/062975_00_1.jpg
https://www.carrefour.es/supermercado/natilla-de-caramelo-alta-en-proteinas-valio-profeel-protein-sin-lactosa-180-g/R-fprod1460477/p,Natilla de caramelo alta en proteínas Valio Profeel Protein sin lactosa 180 g.,"1,79 €",,"9,94 €/kg",,La Despensa,Yogures y Postres,"Natillas, Cremas y Copas",https://static.carrefour.es/hd_510x_/img_pim_food/401836_00_1.jpg
https://www.carrefour.es/supermercado/vinagre-balsamico-de-modena-borges-250-ml/R-520660396/p,Vinagre balsámico de módena Borges 250 ml.,"2,45 €",,"9,80 €/l",,La Despensa,Alimentación,Aceites y vinagres,https://static.carrefour.es/hd_510x_/img_pim_food/241823_00_1.jpg
https://www.carrefour.es/supermercado/pasta-con-salmon-salvaje-con-salsa-cremosa-de-hierbas-aromaticas-desde-1-ano-hipp-250-g/R-VC4AECOMM-724055/p,Pasta con salmón salvaje con salsa cremosa de hierbas aromáticas desde 1 año Hipp 250 g.,"3,99 €",,"15,96 €/kg",,Bebé,Alimentación infantil,Tarritos y Platos Preparados,https://static.carrefour.es/hd_510x_/img_pim_food/724055_00_1.jpg
https://www.carrefour.es/supermercado/tarrito-con-cachitos-de-arroz-con-salmon-y-guisantes-desde-10-meses-ecologico-smileat-sin-gluten-230-g/R-VC4AECOMM-154085/p,Tarrito con cachitos de arroz con salmón y guisantes desde 10 meses ecológico Smileat sin gluten 230 g.,"2,89 €",,"12,57 €/kg",,Bebé,Alimentación infantil,Tarritos y Platos Preparados,https://static.carrefour.es/hd_510x_/img_pim_food/154085_00_1.jpg
https://www.carrefour.es/supermercado/galletas-rellenas-de-crema-de-limon-grisbi-sin-gluten-150-g/R-VC4AECOMM-348149/p,Galletas rellenas de crema de limón Grisbi sin gluten 150 g.,"4,05 €",,"27,00 €/kg",,La Despensa,Desayuno,Galletas,https://static.carrefour.es/hd_510x_/img_pim_food/348149_00_1.jpg
https://www.carrefour.es/supermercado/agua-de-perfume-fragancia-vainilla-carrefour-soft-100-ml/R-VC4AECOMM-617411/p,Agua de perfume fragancia vainilla Carrefour Soft 100 ml.,"3,99 €",,"3,99 €/100ml",,Perfumería e Higiene,Baño e Higiene Corporal,Colonias,https://static.carrefour.es/hd_510x_/img_pim_food/617411_00_1.jpg
https://www.carrefour.es/supermercado/arroz-largo-integral-ecologico-carrefor-bio-1-kg/R-VC4AECOMM-718632/p,Arroz largo integral ecológico Carrefor Bio 1 kg.,"3,29 €",,"3,29 €/kg",,La Despensa,Alimentación,Arroz y Cous Cous,https://static.carrefour.es/hd_510x_/img_pim_food/718632_00_1.jpg
https://www.carrefour.es/supermercado/lubricante-sabor-y-aroma-cereza-de-base-agua-durex-50-ml/R-808725856/p,Lubricante sabor y aroma cereza de base agua Durex 50 ml.,"10,59 €",,"21,18 €/100ml",,Perfumería e Higiene,Bienestar Sexual,Lubricantes,https://static.carrefour.es/hd_510x_/img_pim_food/926558_00_1.jpg
https://www.carrefour.es/supermercado/te-verde-twinings-100-g/R-638501719/p,Té verde Twinings 100 g.,"9,09 €",,"90,90 €/kg",,La Despensa,Desayuno,Infusiones y Tés,https://static.carrefour.es/hd_510x_/img_pim_food/183740_00_1.jpg
https://www.carrefour.es/supermercado/barritas-de-chocolate-con-leche-crema-de-cacahuete-caramelo-y-cacahuetes-snickers-3-ud/R-VC4AECOMM-518238/p,"Barritas de chocolate con leche, crema de cacahuete, caramelo y cacahuetes Snickers 3 ud.","3,19 €",,"21,27 €/kg",,,,,https://static.carrefour.es/hd_510x_/img_pim_food/518238_00_1.jpg
https://www.carrefour.es/supermercado/te-classic-en-bolsitas-carrefour-50-ud/R-prod690025/p,Té Classic en bolsitas Carrefour 50 ud.,"2,25 €",,"26,47 €/kg",,La Despensa,Desayuno,Infusiones y Tés,https://static.carrefour.es/hd_510x_/img_pim_food/847119_00_1.jpg
https://www.carrefour.es/supermercado/fregona-microfibras-spontex-mosaik-lila/R-prod1140198/p,Fregona Microfibras SPONTEX Mosaik.- Lila,"5,39 €",,"5,39 €/ud",,Limpieza y Hogar,Utensilios de Limpieza,Fregonas,https://static.carrefour.es/hd_510x_/img_pim_food/198151_00_1.jpg
https://www.carrefour.es/supermercado/cepillo-de-dientes-bamboo-medium-ecologico-soft-carrefour-1-ud/R-VC4AECOMM-477975/p,Cepillo de dientes bamboo medium ecológico Soft Carrefour 1 ud.,"2,35 €",,"2,35 €/ud",,Perfumería e Higiene,Boca y Sonrisa,"Cepillos, Recambios y Accesorios",https://static.carrefour.es/hd_510x_/img_pim_food/477975_00_1.jpg
https://www.carrefour.es/supermercado/ketchup-ecologico-carrefour-bio-330-g/R-VC4AECOMM-139081/p,Kétchup ecológico Carrefour Bio 330 g.,"2,09 €",,"6,33 €/kg",,La Despensa,Alimentación,Salsas y Tomate Frito,https://static.carrefour.es/hd_510x_/img_pim_food/139081_00_1.jpg
https://www.carrefour.es/supermercado/tonica-fever-tree-premium-indian-botella-20-cl/R-VC4AECOMM-249321/p,Tónica Fever-Tree Premium Indian botella 20 cl.,"1,82 €",,"9,10 €/l",,Bebidas,Refrescos,Tónica,https://static.carrefour.es/hd_510x_/img_pim_food/249321_00_1.jpg
https://www.carrefour.es/supermercado/maletin-de-jamon-serrano-gran-reserva-en-lonchas-los-berones-12x70-g/R-VC4AECOMM-448075/p,Maletín de jamón serrano gran reserva en lonchas Los Berones 12x70 g,"28,50 €",,"28,50 €/ud",,Productos Frescos,Charcutería,Jamón Serrano e Ibérico Envasado,https://static.carrefour.es/hd_510x_/img_pim_food/448075_00_1.jpg
https://www.carrefour.es/supermercado/multi-vitaminas-ginseng-vallesol-vitalidad-24-comprimidos/R-590508106/p,Multi Vitaminas + Ginseng Vallesol Vitalidad 24 comprimidos.,"5,79 €",,"10,05 €/100g",,Parafarmacia,Nutrición y Dietética,Complementos Vitamínicos,https://static.carrefour.es/hd_510x_/img_pim_food/550019_00_1.jpg
https://www.carrefour.es/supermercado/quitaesmalte-acetona-pura-carrefour-soft-200-ml/R-VC4AECOMM-619816/p,Quitaesmalte acetona pura Carrefour Soft 200 ml.,"1,70 €",,"0,85 €/100ml",,Perfumería e Higiene,Cosmética,Uñas,https://static.carrefour.es/hd_510x_/img_pim_food/619816_00_1.jpg
https://www.carrefour.es/supermercado/cafe-latte-brownie-kaiku-sin-gluten-sin-lactosa-230-ml/R-VC4AECOMM-162479/p,Café latte brownie Kaiku sin gluten sin lactosa 230 ml.,"1,95 €",,"8,48 €/l",,La Despensa,Lácteos,Listo para beber,https://static.carrefour.es/hd_510x_/img_pim_food/162479_00_1.jpg
https://www.carrefour.es/supermercado/pata-de-pulpo-cocida-xl-carrefour-el-mercado-250-g/R-VC4AECOMM-335267/p,Pata de pulpo cocida XL Carrefour El Mercado 250 g,"13,95 €","11,95 €","55,80 €/kg","47,80 €/kg",Productos Frescos,Pescadería,"Pulpo, Calamar y Sepia",https://static.carrefour.es/hd_510x_/img_pim_food/335267_00_1.jpg
https://www.carrefour.es/supermercado/champu-solido-hidratante-de-coco-y-aloe-vera-ecologico-original-remedies-garnier-60-g/R-VC4AECOMM-589579/p,Champú sólido hidratante de coco y aloe vera ecológico Original Remedies Garnier 60 g.,"5,29 €",,"8,82 €/100g",,Perfumería e Higiene,Cabello,Champús,https://static.carrefour.es/hd_510x_/img_pim_food/589579_00_1.jpg
https://www.carrefour.es/supermercado/preparado-para-natillas-molino-real-sin-gluten-150-g/R-prod272994/p,Preparado para natillas Molino Real sin gluten 150 g.,"1,68 €",,"11,20 €/kg",,La Despensa,Dulce,Repostería,https://static.carrefour.es/hd_510x_/img_pim_food/758611_00_1.jpg
https://www.carrefour.es/supermercado/toallitas-limpiadoras-con-aguacate-bio-mustela-pack-de-3-unidades-de-60-ud/R-VC4AECOMM-015084/p,Toallitas limpiadoras con aguacate bio Mustela pack de 3 unidades de 60 ud.,"11,89 €",,"0,07 €/ud",,Parafarmacia,Bebé,Toallitas bebé,https://static.carrefour.es/hd_510x_/img_pim_food/015084_00_1.jpg
https://www.carrefour.es/supermercado/tortas-de-aceite-sin-azucar-anadido-ines-rosales-180-g/R-846900394/p,Tortas de aceite sin azúcar añadido Inés Rosales 180 g.,"3,79 €",,"21,06 €/kg",,La Despensa,"Panaderia, Bollería y Pastelería",Bollería,https://static.carrefour.es/hd_510x_/img_pim_food/022188_00_1.jpg
https://www.carrefour.es/supermercado/champu-de-romero-para-cabello-fino-ecologico-urtekram-500-ml/R-prod820132/p,Champú de romero para cabello fino ecológico Urtekram 500 ml.,"14,09 €",,"2,82 €/100ml",,Bebé,Perfumería e Higiene,Champú,https://static.carrefour.es/hd_510x_/img_pim_food/251096_00_1.jpg
https://www.carrefour.es/supermercado/gel-badedas-750-ml/R-638301737/p,GEL BADEDAS 750 ML,"15,59 €",,"2,08 €/100ml",,Perfumería e Higiene,Baño e Higiene Corporal,Geles de Baño,https://static.carrefour.es/hd_510x_/img_pim_food/225514_00_1.jpg
https://www.carrefour.es/supermercado/aceitunas-negras-cacerenas-con-hueso-carrefour-500-g/R-VC4AECOMM-487762/p,Aceitunas negras Cacereñas con hueso Carrefour 500 g.,"3,95 €",,"7,90 €/kg",,La Despensa,Aperitivos,Aceitunas y Encurtidos,https://static.carrefour.es/hd_510x_/img_pim_food/487762_00_1.jpg
https://www.carrefour.es/supermercado/aceite-para-barba-con-aceite-de-argan-king-c-gillette-30-ml/R-VC4AECOMM-546159/p,Aceite para barba con aceite de argán King C Gillette 30 ml.,"11,09 €",,"36,97 €/100ml",,Perfumería e Higiene,Depilación y Afeitado,Afeitado,https://static.carrefour.es/hd_510x_/img_pim_food/546159_00_1.jpg
https://www.carrefour.es/supermercado/kiwi-sungold-ecologico-zepri-500-g/R-858900426/p,Kiwi Sungold Ecológico Zepri 500 g,"5,35 €",,"10,70 €/kg",,Productos Frescos,Frutas,"Piñas, Kiwis, Aguacates y Tropicales",https://static.carrefour.es/hd_510x_/img_pim_food/117396_00_1.jpg
https://www.carrefour.es/supermercado/body-spray-glitter-carrefour-soft-200-ml/R-VC4AECOMM-655045/p,Body spray glitter Carrefour Soft 200 ml.,"2,89 €",,"1,44 €/100ml",,Perfumería e Higiene,Baño e Higiene Corporal,Colonias,https://static.carrefour.es/hd_510x_/img_pim_food/655045_00_1.jpg
https://www.carrefour.es/supermercado/pizza-salami-ligeramente-picante-forno-di-pietra-buitoni-300-g/R-VC4AECOMM-025402/p,Pizza salami ligeramente picante Forno di Pietra Buitoni 300 g.,"3,65 €",,"12,17 €/kg",,Congelados,Pizzas Congeladas,,https://static.carrefour.es/hd_510x_/img_pim_food/025402_00_1.jpg
https://www.carrefour.es/supermercado/salmon-ahumado-cortado-en-lonchas-tipo-sashimi-carrefour-150-g/R-VC4AECOMM-501570/p,Salmón ahumado cortado en lonchas tipo sashimi Carrefour 150 g,"7,49 €",,"49,93 €/kg",,Productos Frescos,Pescadería,Ahumados y Huevas,https://static.carrefour.es/hd_510x_/img_pim_food/501570_00_1.jpg
https://www.carrefour.es/supermercado/helado-de-chocolate-ecologico-carrefour-bio-450-g/R-prod780136/p,Helado de chocolate ecológico Carrefour Bio 450 g.,"4,85 €",,"10,78 €/kg",,Congelados,Helados,Tarrinas,https://static.carrefour.es/hd_510x_/img_pim_food/864277_00_1.jpg
https://www.carrefour.es/supermercado/cerveza-alhambra-lager-singular-pack-de-12-botellas-de-25-cl/R-857900554/p,Cerveza Alhambra Lager Singular pack de 12 botellas de 25 cl.,"8,35 €",,"2,78 €/l",,Bebidas,Cerveza,Todas las Cervezas,https://static.carrefour.es/hd_510x_/img_pim_food/106096_00_1.jpg
https://www.carrefour.es/supermercado/gel-higiene-intima-ph-balance-con-gynoprebiotic-vagisil-500-ml/R-VC4AECOMM-142611/p,Gel higiene íntima pH balance con gynoprebiotic Vagisil 500 ml.,"10,79 €",,"2,16 €/100ml",,Perfumería e Higiene,Higiene íntima,Toallitas y geles íntimos,https://static.carrefour.es/hd_510x_/img_pim_food/142611_00_1.jpg
https://www.carrefour.es/supermercado/cafe-soluble-mezcla-con-achicoria-nestle-250-g/R-590506958/p,Café soluble mezcla con achicoria Nestlé 250 g.,"9,55 €",,"36,73 €/kg",,La Despensa,Desayuno,Cafés,https://static.carrefour.es/hd_510x_/img_pim_food/474028_00_1.jpg
https://www.carrefour.es/supermercado/crema-hidratante-corporal-con-extracto-de-sandia-soft-carrefour-400-ml/R-VC4AECOMM-440436/p,Crema hidratante corporal con extracto de sandia Soft Carrefour 400 ml.,"4,49 €",,"1,12 €/100ml",,Perfumería e Higiene,Cuidado y Protección Corporal,"Body Milk, Hidratación Bajo la Ducha",https://static.carrefour.es/hd_510x_/img_pim_food/440436_00_1.jpg
https://www.carrefour.es/supermercado/fabada-con-bocaditos-hi-vegs-sin-gluten-300-g/R-fprod1210233/p,Fabada con bocaditos Hi Vegs! sin gluten 300 g.,"5,39 €",,"17,97 €/kg",,La Despensa,"Conservas, Sopas y Precocinados",Platos Preparados,https://static.carrefour.es/hd_510x_/img_pim_food/072511_00_1.jpg
https://www.carrefour.es/supermercado/salmon-noruego-ahumado-reducido-en-sal-carrefour-extra-100-g/R-prod971845/p,Salmón noruego ahumado reducido en sal Carrefour Extra 100 g.,"4,45 €",,"44,50 €/kg",,Productos Frescos,Pescadería,Ahumados y Huevas,https://static.carrefour.es/hd_510x_/img_pim_food/069912_00_1.jpg
https://www.carrefour.es/supermercado/pincel-n-6-10-14-carrefour-3-uds/R-606510309/p,Pincel Nº 6-10-14 Carrefour 3 uds,"1,99 €",,"1,99 €/ud",,Limpieza y Hogar,Papelería,Dibujo Artístico,https://static.carrefour.es/hd_510x_/img_pim_food/499156_00_1.jpg
https://www.carrefour.es/supermercado/pizza-prosciutto-funghi-casa-di-mama-dr-oetker-405-g/R-521031364/p,Pizza prosciutto funghi Casa di Mama Dr. Oetker 405 g.,"4,59 €",,"11,33 €/kg",,Congelados,Pizzas Congeladas,,https://static.carrefour.es/hd_510x_/img_pim_food/790616_00_1.jpg
https://www.carrefour.es/supermercado/galletas-rellenas-de-crema-de-chocolate-principe-300-g/R-755505042/p,Galletas rellenas de crema de chocolate Príncipe 300 g.,"2,09 €",,"6,97 €/kg",,La Despensa,Desayuno,Galletas,https://static.carrefour.es/hd_510x_/img_pim_food/764561_00_1.jpg
https://www.carrefour.es/supermercado/tortitas-de-lentejas-y-maiz-25-proteina-protein-santiveri-sin-gluten-57-g/R-VC4AECOMM-177030/p,Tortitas de lentejas y maíz 25% proteína Protein Santiveri sin gluten 57 g.,"1,73 €",,"30,35 €/kg",,La Despensa,Alimentación,Nutrición deportiva,https://static.carrefour.es/hd_510x_/img_pim_food/177030_00_1.jpg
https://www.carrefour.es/supermercado/vino-frizzante-blanco-verdejo-yllera-55-75-cl/R-618404982/p,Yllera 5.5 Verdejo Espumoso,"7,09 €",,"7,09 €/ud",,Bebidas,Vinos,Blanco,https://static.carrefour.es/hd_510x_/img_pim_food/364930_00_1.jpg
https://www.carrefour.es/supermercado/whisky-ballantines-finest-1-l/R-521028099/p,Whisky Ballantines finest 1 l.,"19,65 €",,"19,65 €/l",,Bebidas,Alcoholes,Whisky y Bourbon,https://static.carrefour.es/hd_510x_/img_pim_food/237788_00_1.jpg
https://www.carrefour.es/supermercado/salsa-de-pimientos-harissa-tarro-370-g/R-prod261183/p,Salsa de pimientos Harissa tarro 370 g.,"2,15 €",,"5,81 €/kg",,La Despensa,Alimentación,Salsas y Tomate Frito,https://static.carrefour.es/hd_510x_/img_pim_food/793001_00_1.jpg
https://www.carrefour.es/supermercado/queso-de-oveja-viejo-con-romero-carrefour-seleccion-cuna-220-g/R-VC4AECOMM-711699/p,Queso de oveja viejo con romero Carrefour Selección cuña 220 g,"8,55 €",,"38,86 €/kg",,Productos Frescos,Quesos,Todos los Quesos,https://static.carrefour.es/hd_510x_/img_pim_food/711699_00_1.jpg
https://www.carrefour.es/supermercado/vegetal-clean-papel-vitakraft-25-litros/R-prod880792/p,Vegetal Clean Papel Vitakraft 25 litros,"21,10 €",,"0,84 €/l",,Mascotas,Conejos y roedores,Accesorios e Higiene,https://static.carrefour.es/hd_510x_/img_pim_food/945397_00_1.jpg
https://www.carrefour.es/supermercado/sprite-de-lima-limon-bajo-en-azucar-lata-33-cl/R-520660590/p,Sprite de lima-limón bajo en azúcar lata 33 cl.,"0,59 €","0,49 €","1,79 €/l","1,48 €/l",Bebidas,Refrescos,Sabores con Gas,https://static.carrefour.es/hd_510x_/img_pim_food/000074_00_1.jpg
https://www.carrefour.es/supermercado/berenjena-carrefour-a-granel-1-kg-aprox/R-VC4AECOMM-394518/p,Berenjena Carrefour a granel 1 kg aprox,"1,99 €","1,69 €","1,99 €/kg","1,69 €/kg",Productos Frescos,Verduras y hortalizas,Hortalizas,https://static.carrefour.es/hd_510x_/img_pim_food/394518_00_1.jpg
https://www.carrefour.es/supermercado/licor-de-hierbas-jagermeister-175-l/R-prod930216/p,"Licor de hierbas Jagermeister 1,75 l.","33,70 €",,"19,26 €/l",,,,,https://static.carrefour.es/hd_510x_/img_pim_food/047106_00_1.jpg
https://www.carrefour.es/supermercado/alubia-blanca-cocida-pedro-luis-500-g/R-804323968/p,Alubia blanca cocida Pedro Luis 500 g.,"2,55 €",,"5,10 €/kg",,La Despensa,Alimentación,Legumbres,https://static.carrefour.es/hd_510x_/img_pim_food/913005_00_1.jpg
https://www.carrefour.es/supermercado/caldo-para-paella-facil-de-marisco-100-natural-gallina-blanca-sin-gluten-pack-de-2-briks-de-1-l/R-prod810045/p,Caldo para paella fácil de marisco 100% Natural Gallina Blanca sin gluten pack de 2 briks de 1 l.,"6,29 €",,"3,14 €/l",,La Despensa,"Conservas, Sopas y Precocinados","Caldos, Sopas y Pure",https://static.carrefour.es/hd_510x_/img_pim_food/992427_00_1.jpg
https://www.carrefour.es/supermercado/esparrago-blanco-de-navarra-muy-grueso-de-nuestra-tierra-425-g/R-795238845/p,Espárrago blanco de Navarra muy grueso De Nuestra Tierra 425 g.,"13,09 €",,"30,80 €/kg",,La Despensa,"Conservas, Sopas y Precocinados",Conservas de Vegetales,https://static.carrefour.es/hd_510x_/img_pim_food/887789_00_1.jpg
https://www.carrefour.es/supermercado/copa-menstrual-talla-0-carrefour-soft-1-ud/R-VC4AECOMM-007145/p,Copa menstrual talla 0 Carrefour Soft 1 ud.,"9,79 €",,"9,79 €/ud",,Perfumería e Higiene,Higiene íntima,Tampones,https://static.carrefour.es/hd_510x_/img_pim_food/007145_00_1.jpg
https://www.carrefour.es/supermercado/mini-redondo-de-pollo-asado-con-bacon-asados-la-carlotena-sin-gluten-250-g/R-fprod1190647/p,Mini redondo de pollo asado con bacon Asados la Carloteña sin gluten 250 g.,"3,39 €",,"13,56 €/kg",,La Despensa,"Conservas, Sopas y Precocinados",Platos Preparados,https://static.carrefour.es/hd_510x_/img_pim_food/247323_00_1.jpg
https://www.carrefour.es/supermercado/crema-de-queso-con-trufa-philadelphia-150-g/R-prod970197/p,Crema de queso con trufa Philadelphia 150 g.,"2,85 €",,"19,00 €/kg",,Productos Frescos,Quesos,Crema de queso,https://static.carrefour.es/hd_510x_/img_pim_food/052686_00_1.jpg
https://www.carrefour.es/supermercado/masa-pizza-tradizionale-redonda-buitoni-330-g/R-VC4AECOMM-361624/p,Masa pizza tradizionale redonda Buitoni 330 g.,"3,19 €",,"9,67 €/kg",,La Despensa,"Conservas, Sopas y Precocinados",Masa Fresca y Bases,https://static.carrefour.es/hd_510x_/img_pim_food/361624_00_1.jpg
https://www.carrefour.es/supermercado/chocolate-blanco-cremoso-lindt-lindor-100-g/R-526517463/p,Chocolate blanco cremoso Lindt Lindor 100 g.,"2,69 €",,"26,90 €/kg",,La Despensa,Dulce,Bombones y Chocolates,https://static.carrefour.es/hd_510x_/img_pim_food/108749_00_1.jpg
https://www.carrefour.es/supermercado/tortilla-de-berenjena-bo-de-debo-335-g/R-VC4AECOMM-790049/p,Tortilla de berenjena Bo de Debò 335 g.,"4,35 €",,"12,99 €/kg",,La Despensa,"Conservas, Sopas y Precocinados","Tortillas, Empanadillas y Sandwiches",https://static.carrefour.es/hd_510x_/img_pim_food/790049_00_1.jpg
https://www.carrefour.es/supermercado/leche-evaporada-4-materia-grasa-ideal-nestle-525-g/R-670301736/p,Leche evaporada 4% materia grasa Ideal Nestlé 525 g.,"2,64 €",,"5,03 €/kg",,La Despensa,Lácteos,"Leche Condensada, Evaporada y en Polvo",https://static.carrefour.es/hd_510x_/img_pim_food/332479_00_1.jpg
https://www.carrefour.es/supermercado/galletas-de-avena-rellenas-de-crema-de-chocolate-vitalday-gullon-220-g/R-794748199/p,Galletas de avena rellenas de crema de chocolate Vitalday Gullón 220 g.,"2,59 €",,"11,77 €/kg",,La Despensa,Desayuno,Galletas,https://static.carrefour.es/hd_510x_/img_pim_food/895461_00_1.jpg
https://www.carrefour.es/supermercado/salsa-de-ostras-ibsa-botella-285-g/R-VC4AECOMM-046881/p,Salsa de ostras Ibsa botella 285 g.,"3,15 €",,"11,05 €/kg",,La Despensa,Alimentación,Salsas y Tomate Frito,https://static.carrefour.es/hd_510x_/img_pim_food/046881_00_1.jpg
https://www.carrefour.es/supermercado/lejia-densoactiva-perfume-menta-carrefour-2-l/R-521013802/p,Lejía densoactiva perfume menta Carrefour 2 l.,"1,15 €",,"0,57 €/l",,Limpieza y Hogar,Cuidado de la Ropa,Lejías lavadora,https://static.carrefour.es/hd_510x_/img_pim_food/482612_00_1.jpg
https://www.carrefour.es/supermercado/natillas-de-chocolate-kaiku-sin-lactosa-pack-de-2-unidades-de-125-g/R-690302060/p,Natillas de chocolate Kaiku sin lactosa pack de 2 unidades de 125 g.,"2,45 €",,"9,80 €/kg",,La Despensa,Yogures y Postres,"Natillas, Cremas y Copas",https://static.carrefour.es/hd_510x_/img_pim_food/081864_00_1.jpg
https://www.carrefour.es/supermercado/crema-fijadora-para-protesis-dentales-accion-total-corega-70-g/R-820614068/p,Crema fijadora para prótesis dentales Acción Total Corega 70 g.,"14,59 €",,"20,84 €/100g",,Parafarmacia,Higiene Bucal,Cuidado y Fijación Prótesis Dentales,https://static.carrefour.es/hd_510x_/img_pim_food/953540_00_1.jpg
https://www.carrefour.es/supermercado/colutorio-diario-formula-de-accion-blanqueadora-con-fluor-sin-alcohol-sabor-citrus-lacer-blanc-500-ml/R-670701820/p,Colutorio diario fórmula de acción blanqueadora con flúor sin alcohol sabor citrus Lacer Blanc 500 ml.,"10,29 €",,"2,06 €/100ml",,Parafarmacia,Higiene Bucal,Colutorio,https://static.carrefour.es/hd_510x_/img_pim_food/333102_00_1.jpg
https://www.carrefour.es/supermercado/helado-bombon-de-caramelo-y-nueces-de-macadamia-australianas-nuii-sin-gluten-4-ud/R-VC4AECOMM-338309/p,Helado Bombón de caramelo y nueces de Macadamia Australianas Nuii sin gluten 4 ud.,"4,35 €",,"1,45 €/ud",,Congelados,Helados,Bombón Helado,https://static.carrefour.es/hd_510x_/img_pim_food/338309_00_1.jpg
https://www.carrefour.es/supermercado/chopped-de-pavo-en-lonchas-carrefour-el-mercado-sin-gluten-250-g/R-VC4AECOMM-710860/p,Chopped de Pavo en lonchas Carrefour El Mercado sin gluten 250 g,"2,29 €",,"9,16 €/kg",,Productos Frescos,Charcutería,Fiambre de Pavo y Pollo,https://static.carrefour.es/hd_510x_/img_pim_food/710860_00_1.jpg
https://www.carrefour.es/supermercado/sazonador-pimiento-chipotle-ducros-46-g/R-VC4AECOMM-302223/p,Sazonador pimiento chipotle Ducros 46 g.,"4,09 €",,"88,91 €/kg",,La Despensa,Alimentación,Especias y Sazonadores,https://static.carrefour.es/hd_510x_/img_pim_food/302223_00_1.jpg
https://www.carrefour.es/supermercado/pan-carrefour-5-ud/R-711411255/p,Pan Carrefour 5 ud,"1,19 €",,"2,97 €/kg",,Productos Frescos,Panadería Tradicional,Pan Tradicional,https://static.carrefour.es/hd_510x_/img_pim_food/427706_00_1.jpg
https://www.carrefour.es/supermercado/natillas-de-caramelo-carrefour-pack-de-4-unidades-de-125-g/R-837832788/p,Natillas de caramelo Carrefour pack de 4 unidades de 125 g.,"1,05 €",,"2,10 €/kg",,La Despensa,Yogures y Postres,"Natillas, Cremas y Copas",https://static.carrefour.es/hd_510x_/img_pim_food/971667_00_1.jpg
https://www.carrefour.es/supermercado/desma-ojos-essencial-snat-150/R-530363110/p,DESMA OJOS ESSENCIAL S.NAT 150,"4,29 €",,"2,86 €/100ml",,Perfumería e Higiene,Cuidado y Protección Corporal,Limpieza Facial,https://static.carrefour.es/hd_510x_/img_pim_food/160480_00_1.jpg
https://www.carrefour.es/supermercado/tortellini-ricotta-y-espinacas-buitoni-230-g/R-VC4AECOMM-462937/p,Tortellini ricotta y espinacas Buitoni 230 g.,"3,05 €",,"13,26 €/kg",,La Despensa,Alimentación,Pastas,https://static.carrefour.es/hd_510x_/img_pim_food/462937_00_1.jpg
https://www.carrefour.es/supermercado/harina-de-trigo-carrefour-2-kg/R-prod540112/p,Harina de trigo Carrefour 2 kg.,"1,41 €",,"0,70 €/kg",,La Despensa,Alimentación,Harinas y Levaduras,https://static.carrefour.es/hd_510x_/img_pim_food/835041_00_1.jpg
https://www.carrefour.es/supermercado/vino-do-rias-baixas-blanco-albarino-pazo-das-estrelas-75-cl/R-785509557/p,Pazo Das Estrelas Blanco 2023,"13,19 €",,"13,19 €/ud",,Bebidas,Vinos,Blanco,https://static.carrefour.es/hd_510x_/img_pim_food/875902_00_1.jpg
https://www.carrefour.es/supermercado/palmera-supremas-carrefour-4-ud/R-prod80412/p,Palmera supremas Carrefour 4 ud,"3,25 €",,"11,61 €/kg",,Productos Frescos,Panadería Tradicional,Bollería Tradicional,https://static.carrefour.es/hd_510x_/img_pim_food/939011_00_1.jpg
https://www.carrefour.es/supermercado/miel-de-flores-luna-de-miel-500-g/R-521003514/p,Miel de flores Luna de Miel 500 g.,"7,59 €",,"15,18 €/kg",,La Despensa,Dulce,Miel,https://static.carrefour.es/hd_510x_/img_pim_food/509625_00_1.jpg
https://www.carrefour.es/supermercado/crema-volume-filler-dia-piel-seca-eucerin-50-ml/R-709601837/p,Crema Volume Filler día piel seca Eucerin 50 ml.,"36,20 €",,"72,40 €/100ml",,Parafarmacia,Cuidado e higiene facial,Cremas faciales,https://static.carrefour.es/hd_510x_/img_pim_food/424157_00_1.jpg
https://www.carrefour.es/supermercado/tortillas-integrales-de-trigo-old-el-paso-350-g/R-521006895/p,Tortillas integrales de trigo Old El Paso 350 g.,"3,89 €",,"11,11 €/kg",,La Despensa,"Conservas, Sopas y Precocinados","Tortillas, Empanadillas y Sandwiches",https://static.carrefour.es/hd_510x_/img_pim_food/042105_00_1.jpg
https://www.carrefour.es/supermercado/champu-fortaleza-anticaida-cleare-institute-400-ml/R-856400415/p,Champú fortaleza anticaída Clearé Institute 400 ml.,"12,35 €",,"3,09 €/100ml",,Parafarmacia,Cabello,Champús Anticaída,https://static.carrefour.es/hd_510x_/img_pim_food/089680_00_1.jpg
https://www.carrefour.es/supermercado/bonito-del-norte-en-aceite-de-oliva-virgen-extra-ecologico-planeta-huerto-133-g/R-VC4AECOMM-370436/p,Bonito del Norte en aceite de oliva virgen extra ecológico Planeta Huerto 133 g.,"7,15 €",,"35,75 €/kg",,La Despensa,"Conservas, Sopas y Precocinados",Conservas de Pescado y Marisco,https://static.carrefour.es/hd_510x_/img_pim_food/370436_00_1.jpg
https://www.carrefour.es/supermercado/bebida-de-almendras-sin-azucar-anadido-ecologica-carrefour-bio-sin-gluten-brik-1-l/R-VC4AECOMM-580529/p,Bebida de almendras sin azúcar añadido ecológica Carrefour Bio sin gluten brik 1 l.,"1,73 €",,"1,73 €/l",,La Despensa,Lácteos,Bebida Vegetal,https://static.carrefour.es/hd_510x_/img_pim_food/580529_00_1.jpg
https://www.carrefour.es/supermercado/limpiador-lingual-halita-1-ud/R-590508798/p,Limpiador lingual Halita 1 ud.,"5,25 €",,"5,25 €/ud",,Parafarmacia,Higiene Bucal,Frescor y Aliento,https://static.carrefour.es/hd_510x_/img_pim_food/554573_00_1.jpg
https://www.carrefour.es/supermercado/desodorante-en-spray-con-hibisco-eficacia-24h-ecologico-carrefour-soft-bio-150-ml/R-VC4AECOMM-673371/p,Desodorante en spray con hibisco eficacia 24h ecológico Carrefour Soft Bio 150 ml.,"2,45 €",,"1,63 €/100ml",,Perfumería e Higiene,Baño e Higiene Corporal,Desodorantes,https://static.carrefour.es/hd_510x_/img_pim_food/673371_00_1.jpg
https://www.carrefour.es/supermercado/brioche-con-pepitas-de-chocolate-pasquier-550-g/R-812862233/p,Brioche con pepitas de chocolate Pasquier 550 g.,"5,39 €",,"9,80 €/kg",,La Despensa,"Panaderia, Bollería y Pastelería",Bollería,https://static.carrefour.es/hd_510x_/img_pim_food/942005_00_1.jpg
https://www.carrefour.es/supermercado/vino-tinto-crianza-tempranillo-pradorey-do-ribera-del-duero-75-cl/R-546004001/p,Pradorey Tinto Crianza 2017,"14,49 €",,"14,49 €/ud",,Bebidas,Vinos,Tinto,https://static.carrefour.es/hd_510x_/img_pim_food/361916_00_1.jpg
https://www.carrefour.es/supermercado/brocoli-findus-360-g/R-VC4AECOMM-713814/p,"Brócoli Findus 360 g,","2,74 €",,"7,61 €/kg",,Congelados,Verduras Congeladas,,https://static.carrefour.es/hd_510x_/img_pim_food/713814_00_1.jpg
https://www.carrefour.es/supermercado/azucar-blanco-de-cana-en-sticks-classic-carrefour-300-g/R-VC4AECOMM-181718/p,Azúcar blanco de caña en sticks Classic´ Carrefour 300 g.,"1,33 €",,"4,43 €/kg",,La Despensa,Desayuno,Azúcar y Edulcorantes,https://static.carrefour.es/hd_510x_/img_pim_food/181718_00_1.jpg
https://www.carrefour.es/supermercado/confitura-de-ciruela-diet-hero-sin-azucar-anadido-280-g/R-prod720259/p,Confitura de ciruela Diet Hero sin azúcar añadido 280 g.,"2,75 €",,"9,82 €/kg",,La Despensa,Dulce,"Mermeladas, Membrillos y Compotas",https://static.carrefour.es/hd_510x_/img_pim_food/852320_00_1.jpg
https://www.carrefour.es/supermercado/vino-do-la-mancha-tinto-crianza-vina-lobon-75-cl/R-855503721/p,Vino D.O. La Mancha tinto crianza Viña Lobón 75 cl.,"1,72 €",,"1,72 €/ud",,Bebidas,Vinos,Tinto,https://static.carrefour.es/hd_510x_/img_pim_food/087654_00_1.jpg
https://www.carrefour.es/supermercado/nata-para-cocinar-ligera-15-materia-grasa-classic-carrefour-500-ml/R-fprod1270051/p,Nata para cocinar ligera 15% materia grasa Classic´ Carrefour 500 ml.,"1,45 €",,"2,90 €/l",,La Despensa,Lácteos,Nata,https://static.carrefour.es/hd_510x_/img_pim_food/325029_00_1.jpg
https://www.carrefour.es/supermercado/tarrito-de-verduras-con-pescadilla-a-la-crema-desde-8-meses-hero-baby-sin-gluten-pack-de-6-unidades-de-190-g/R-614101837/p,Tarrito de verduras con pescadilla a la crema desde 8 meses Hero Baby sin gluten pack de 6 unidades de 190 g.,"9,39 €",,"7,83 €/kg",,Bebé,Alimentación infantil,Tarritos y Platos Preparados,https://static.carrefour.es/hd_510x_/img_pim_food/590525_00_1.jpg
https://www.carrefour.es/supermercado/atun-claro-al-natural-carrefour-pack-de-3-latas-de-104-g/R-521029276/p,Atún claro al natural Carrefour pack de 3 latas de 104 g.,"3,79 €",,"11,28 €/kg",,La Despensa,"Conservas, Sopas y Precocinados",Conservas de Pescado y Marisco,https://static.carrefour.es/hd_510x_/img_pim_food/639066_00_1.jpg
https://www.carrefour.es/supermercado/sobaos-mini-classic-carrefour-340-g/R-521007210/p,Sobaos mini Classic' Carrefour 340 g,"1,90 €",,"5,59 €/kg",,La Despensa,"Panaderia, Bollería y Pastelería",Bollería,https://static.carrefour.es/hd_510x_/img_pim_food/456164_00_1.jpg
https://www.carrefour.es/supermercado/croquetas-de-pollo-10-ud/R-prod590499/p,Croquetas de pollo 10 ud,"4,40 €",,"4,40 €/ud",,Productos Frescos,Platos Preparados Cocinados,Fritos,https://static.carrefour.es/hd_510x_/img_pim_food/789528_00_1.jpg
https://www.carrefour.es/supermercado/desodorante-roll-on-dry-comfort-nivea-50-ml/R-520664859/p,Desodorante roll-on Dry Comfort Nivea 50 ml.,"2,15 €",,"4,30 €/100ml",,Perfumería e Higiene,Baño e Higiene Corporal,Desodorantes,https://static.carrefour.es/hd_510x_/img_pim_food/019907_00_1.jpg
https://www.carrefour.es/supermercado/schweppes-de-limon-zero-lata-33-cl/R-540202096/p,Schweppes de limón zero lata 33 cl.,"0,95 €",,"2,88 €/l
- 7,60 €/8 uds.",,Bebidas,Refrescos,Sabores con Gas,https://static.carrefour.es/hd_510x_/img_pim_food/707871_00_1.jpg
https://www.carrefour.es/supermercado/magro-de-cerdo-classic-carrefour-220-g/R-VC4AECOMM-350760/p,Magro de cerdo Classic Carrefour 220 g.,"2,79 €",,"12,68 €/kg",,La Despensa,"Conservas, Sopas y Precocinados",Conservas de Carne,https://static.carrefour.es/hd_510x_/img_pim_food/350760_00_1.jpg
https://www.carrefour.es/supermercado/cerveza-alhambra-tradicional-pack-de-12-latas-de-33-cl/R-590214233/p,Cerveza Alhambra tradicional pack de 12 latas de 33 cl.,"8,99 €",,"2,27 €/l",,Bebidas,Cerveza,Todas las Cervezas,https://static.carrefour.es/hd_510x_/img_pim_food/618756_00_1.jpg
https://www.carrefour.es/supermercado/oregano-ecologico-artemis-bio-7-g/R-prod394832/p,Orégano ecológico Artemis Bio 7 g.,"2,45 €",,"350,00 €/kg",,La Despensa,Alimentación,Especias y Sazonadores,https://static.carrefour.es/hd_510x_/img_pim_food/687435_00_1.jpg
https://www.carrefour.es/supermercado/sardinas-1-kg-aprox/R-540001614/p,Sardinas 1 kg aprox,"4,99 €",,"4,99 €/kg",,Productos Frescos,Pescadería,Pescado Fresco,https://static.carrefour.es/hd_510x_/img_pim_food/033684_00_1.jpg
https://www.carrefour.es/supermercado/cerveza-alhambra-lager-singular-pack-de-12-latas-de-33-cl/R-618405687/p,Cerveza Alhambra Lager Singular pack de 12 latas de 33 cl.,"10,09 €",,"2,55 €/l",,Bebidas,Cerveza,Todas las Cervezas,https://static.carrefour.es/hd_510x_/img_pim_food/718540_00_1.jpg
https://www.carrefour.es/supermercado/aceitunas-alino-de-la-abuela-aperitivo-500-g/R-prod280020/p,Aceitunas aliño de la abuela Aperitivo 500 g,"6,11 €",,"12,22 €/kg",,La Despensa,Aperitivos,Aceitunas y Encurtidos,https://static.carrefour.es/hd_510x_/img_pim_food/338583_00_1.jpg
https://www.carrefour.es/supermercado/gazpacho-fresco-de-abuela-majao-1-l/R-VC4AECOMM-207529/p,Gazpacho fresco de Abuela Majao 1 l.,"3,99 €",,"3,99 €/l",,La Despensa,"Conservas, Sopas y Precocinados",Gazpacho y Salmorejo,https://static.carrefour.es/hd_510x_/img_pim_food/207529_00_1.jpg
https://www.carrefour.es/supermercado/ensalada-gourmet-carrefour-320-g/R-521032361/p,Ensalada gourmet Carrefour 320 g,"1,79 €",,"5,59 €/kg",,Productos Frescos,Verduras y hortalizas,Ensaladas y Verduras Preparadas,https://static.carrefour.es/hd_510x_/img_pim_food/621854_00_1.jpg
https://www.carrefour.es/supermercado/palo-de-aluminio-carrefour-22x22x130-cm/R-609800868/p,"Palo de Aluminio CARREFOUR 2,2x2,2x130 cm","4,35 €",,"4,35 €/ud",,Limpieza y Hogar,Utensilios de Limpieza,Palos y Sujetapalos,https://static.carrefour.es/hd_510x_/img_pim_food/197077_00_1.jpg
https://www.carrefour.es/supermercado/panko-breadcrumbs-blue-dragon-120-g/R-prod620137/p,Panko breadcrumbs Blue Dragon 120 g.,"3,89 €",,"32,42 €/kg",,La Despensa,"Panaderia, Bollería y Pastelería",Especialidades de pan,https://static.carrefour.es/hd_510x_/img_pim_food/841516_00_1.jpg
https://www.carrefour.es/supermercado/conos-con-helado-de-vainilla-y-cookie-nestle-extreme-4-ud/R-VC4AECOMM-724177/p,Conos con helado de vainilla y cookie Nestlé Extrême 4 ud.,"5,85 €",,"1,46 €/ud",,Congelados,Helados,Conos,https://static.carrefour.es/hd_510x_/img_pim_food/724177_00_1.jpg
https://www.carrefour.es/supermercado/cepillo-puas-retractiles-deslia-pop-up-beter-1-ud/R-VC4AECOMM-353686/p,Cepillo púas retráctiles Deslía Pop Up Beter 1 ud.,"16,09 €",,"16,09 €/ud",,Perfumería e Higiene,Cabello,"Cepillos, Peines y Accesorios",https://static.carrefour.es/hd_510x_/img_pim_food/353686_00_1.jpg
https://www.carrefour.es/supermercado/pizza-bolonesa-carrefour-375-g/R-530363194/p,Pizza boloñesa Carrefour 375 g.,"2,06 €",,"5,49 €/kg",,Congelados,Pizzas Congeladas,,https://static.carrefour.es/hd_510x_/img_pim_food/162368_00_1.jpg
https://www.carrefour.es/supermercado/bicarbonato-sodico-alimentario-roca-1-kg/R-VC4AECOMM-618618/p,Bicarbonato sódico alimentario Roca 1 kg.,"1,59 €",,"1,59 €/kg",,La Despensa,Alimentación,Sales y Bicarbonatos,https://static.carrefour.es/hd_510x_/img_pim_food/618618_00_1.jpg
https://www.carrefour.es/supermercado/pan-batard-carrefour-1-ud/R-prod760049/p,Pan batard Carrefour 1 ud,"2,44 €",,"4,52 €/kg",,Productos Frescos,Panadería Tradicional,Pan Tradicional,https://static.carrefour.es/hd_510x_/img_pim_food/859118_00_1.jpg
https://www.carrefour.es/supermercado/sardinillas-en-aceite-de-oliva-contenido-reducido-de-sal-cabo-de-penas-60-g/R-681905667/p,Sardinillas en aceite de oliva contenido reducido de sal Cabo de Peñas 60 g.,"2,59 €",,"43,17 €/kg",,La Despensa,"Conservas, Sopas y Precocinados",Conservas de Pescado y Marisco,https://static.carrefour.es/hd_510x_/img_pim_food/060172_00_1.jpg
https://www.carrefour.es/supermercado/crema-de-cacao-y-avellanas-sin-leche-ecologica-nocciolata-rigoni-250-g/R-fprod1370110/p,Crema de cacao y avellanas sin leche ecológica Nocciolata Rigoni 250 g.,"3,99 €",,"14,78 €/kg",,La Despensa,Dulce,"Cremas de Cacao, Avellana y Cacahuete",https://static.carrefour.es/hd_510x_/img_pim_food/347166_00_1.jpg
https://www.carrefour.es/supermercado/chocolate-negro-y-galleta-nestle-jungly-125-g/R-VC4AECOMM-161615/p,Chocolate negro y galleta Nestlé Jungly 125 g.,"1,84 €",,"14,72 €/kg",,La Despensa,Dulce,Bombones y Chocolates,https://static.carrefour.es/hd_510x_/img_pim_food/161615_00_1.jpg
https://www.carrefour.es/supermercado/detergente-en-capsulas-original-todo-en-uno-pods-ariel-70-ud/R-VC4AECOMM-490631/p,Detergente en cápsulas original Todo En Uno Pods Ariel 70 ud.,"32,70 €",,"0,47 €/lavado",,Limpieza y Hogar,Cuidado de la Ropa,Detergentes,https://static.carrefour.es/hd_510x_/img_pim_food/490631_00_1.jpg
https://www.carrefour.es/supermercado/comida-humeda-sabor-atun-para-gato-adulto-purina-gourmet-4x57-g/R-VC4AECOMM-651274/p,Comida húmeda sabor atún para gato adulto Purina Gourmet 4x57 g.,"3,39 €",,"59,47 €/kg",,Mascotas,Gatos,Pienso para gatos,https://static.carrefour.es/hd_510x_/img_pim_food/651274_00_1.jpg
https://www.carrefour.es/supermercado/cacao-soluble-instantaneo-sabor-fresa-nestle-nesquik-350-g/R-VC4AECOMM-467253/p,Cacao soluble instantáneo sabor fresa Nestlé Nesquik 350 g.,"4,49 €",,"12,83 €/kg",,La Despensa,Desayuno,Cacaos y Cereales Solubles,https://static.carrefour.es/hd_510x_/img_pim_food/467253_00_1.jpg
https://www.carrefour.es/supermercado/trina-de-naranja-sin-gas-lata-33-cl/R-520660612/p,Trina de naranja sin gas lata 33 cl.,"0,71 €",,"2,15 €/l",,Bebidas,Refrescos,Sabores sin Gas,https://static.carrefour.es/hd_510x_/img_pim_food/760876_00_1.jpg
https://www.carrefour.es/supermercado/cereales-de-trigo-integral-arroz-y-maiz-tostados-con-cacao-crunch-nestle-375-g/R-521003274/p,"Cereales de trigo integral, arroz y maíz tostados con cacao Crunch Nestlé 375 g.","4,65 €",,"12,40 €/kg",,La Despensa,Desayuno,Cereales,https://static.carrefour.es/hd_510x_/img_pim_food/202546_00_1.jpg
https://www.carrefour.es/supermercado/crema-de-manos-antiedad-3-en-1-nivea-q10-100-ml/R-VC4AECOMM-437984/p,Crema de manos antiedad 3 en 1 Nivea Q10 100 ml.,"4,69 €",,"4,69 €/100ml",,Perfumería e Higiene,Cuidado y Protección Corporal,Piel,https://static.carrefour.es/hd_510x_/img_pim_food/437984_00_1.jpg
https://www.carrefour.es/supermercado/detergente-en-polvo-frescor-alpino-carrefour-expert-70-lavados/R-VC4AECOMM-667259/p,Detergente en polvo frescor alpino Carrefour Expert 70 lavados.,"9,29 €",,"0,13 €/lavado",,Limpieza y Hogar,Cuidado de la Ropa,Detergentes,https://static.carrefour.es/hd_510x_/img_pim_food/667259_00_1.jpg
https://www.carrefour.es/supermercado/salsa-al-pesto-rosso-gallo-sin-gluten-190-g/R-VC4AECOMM-480330/p,Salsa al pesto rosso Gallo sin gluten 190 g.,"2,69 €",,"14,16 €/kg",,La Despensa,Alimentación,Salsas y Tomate Frito,https://static.carrefour.es/hd_510x_/img_pim_food/480330_00_1.jpg
https://www.carrefour.es/supermercado/ginebra-london-dry-old-thames-70-cl/R-VC4AECOMM-019174/p,Ginebra London Dry Old Thames 70 cl.,"10,19 €",,"14,56 €/l",,Bebidas,Alcoholes,Ginebra,https://static.carrefour.es/hd_510x_/img_pim_food/019174_00_1.jpg
https://www.carrefour.es/supermercado/serum-hidratante-sin-aclarado-para-puntas-secas-pro-v-miracles-pantene-70-ml/R-661402500/p,Serum hidratante sin aclarado para puntas secas Pro-V Miracles Pantene 70 ml.,"15,39 €",,"21,99 €/100ml",,Perfumería e Higiene,Cabello,Cuidado y Tratamientos del cabello,https://static.carrefour.es/hd_510x_/img_pim_food/312390_00_1.jpg
https://www.carrefour.es/supermercado/espumas-dulces-marshmallow-classic-carrefour-sin-gluten-200-g/R-VC4AECOMM-429470/p,Espumas dulces Marshmallow Classic Carrefour sin gluten 200 g.,"1,10 €",,"5,50 €/kg",,La Despensa,Dulce,Dulces y Golosinas,https://static.carrefour.es/hd_510x_/img_pim_food/429470_00_1.jpg
https://www.carrefour.es/supermercado/kefir-de-cabra-ecologico-carrefour-bio-420-g/R-526501432/p,Kéfir de cabra ecológico Carrefour Bio 420 g.,"3,15 €","2,59 €","7,50 €/kg","6,17 €/kg",La Despensa,Yogures y Postres,Yogur Natural y Sabores,https://static.carrefour.es/hd_510x_/img_pim_food/722411_00_1.jpg
https://www.carrefour.es/supermercado/salsa-picante-tabasco-botella-60-ml/R-521005301/p,Salsa picante Tabasco botella 60 ml.,"4,45 €",,"74,17 €/l",,La Despensa,Alimentación,Salsas y Tomate Frito,https://static.carrefour.es/hd_510x_/img_pim_food/002225_00_1.jpg
https://www.carrefour.es/supermercado/pizza-de-jamon-y-champinones-fina-y-crujiente-forno-di-pietra-buitoni-350-g/R-800766406/p,Pizza de jamón y champiñones fina y crujiente Forno Di Pietra Buitoni 350 g.,"3,65 €",,"10,43 €/kg",,Congelados,Pizzas Congeladas,,https://static.carrefour.es/hd_510x_/img_pim_food/899410_00_1.jpg
https://www.carrefour.es/supermercado/cafe-intenso-en-capsulas-xxl-lor-barista-10-ud/R-prod1070541/p,Café Intenso en cápsulas XXL L'Or Barista 10 ud.,"6,99 €",,"67,21 €/kg",,,,,https://static.carrefour.es/hd_510x_/img_pim_food/138032_00_1.jpg
https://www.carrefour.es/supermercado/canelones-de-carne-carrefour-el-mercado-350-g/R-525973504/p,Canelones de carne Carrefour el Mercado 350 g,"3,30 €",,"9,43 €/kg",,Productos Frescos,Platos Preparados Cocinados,Pastas y Pizzas,https://static.carrefour.es/hd_510x_/img_pim_food/799002_00_1.jpg
https://www.carrefour.es/supermercado/patata-mini-selecta-1-kg/R-VC4AECOMM-598655/p,Patata mini selecta 1 kg,"3,76 €",,"3,76 €/kg",,Productos Frescos,Verduras y hortalizas,"Patatas, Cebollas y Ajos",https://static.carrefour.es/hd_510x_/img_pim_food/598655_00_1.jpg
https://www.carrefour.es/supermercado/contorno-de-ojos-q10-carrefour-soft-15-ml/R-VC4AECOMM-217962/p,Contorno de ojos Q10 Carrefour Soft 15 ml.,"2,95 €",,"196,67 €/100ml",,Perfumería e Higiene,Cuidado y Protección Corporal,Piel,https://static.carrefour.es/hd_510x_/img_pim_food/217962_00_1.jpg
https://www.carrefour.es/supermercado/chocolate-a-la-taza-original-paladin-340-g/R-fprod1480168/p,Chocolate a la taza original Paladín 340 g.,"3,59 €",,"10,56 €/kg",,La Despensa,Desayuno,Cacaos y Cereales Solubles,https://static.carrefour.es/hd_510x_/img_pim_food/411673_00_1.jpg
https://www.carrefour.es/supermercado/cera-depilatoria-divina-facial-oro-taky-1-ud/R-648002071/p,Cera depilatoria divina facial oro Taky 1 ud.,"8,25 €",,"8,25 €/100ml",,Perfumería e Higiene,Depilación y Afeitado,Depilación,https://static.carrefour.es/hd_510x_/img_pim_food/817081_00_1.jpg
https://www.carrefour.es/supermercado/morritos-de-cerdo-175-g/R-653301813/p,Morritos de cerdo 175 g,"3,75 €",,"21,43 €/kg",,La Despensa,Aperitivos,Torreznos y Cortezas,https://static.carrefour.es/hd_510x_/img_pim_food/178455_00_1.jpg
https://www.carrefour.es/supermercado/albondigas-con-salsa-de-tomate-carretilla-sin-aceite-de-palma-pack-2-unidades-de-300-g/R-fprod1270133/p,Albóndigas con salsa de tomate Carretilla sin aceite de palma pack 2 unidades de 300 g.,"8,09 €",,"13,48 €/kg",,La Despensa,"Conservas, Sopas y Precocinados",Platos Preparados,https://static.carrefour.es/hd_510x_/img_pim_food/325757_00_1.jpg
https://www.carrefour.es/supermercado/queso-rallado-4-quesos-president-150-g/R-521030774/p,Queso rallado 4 Quesos Président 150 g.,"3,11 €",,"20,73 €/kg",,Productos Frescos,Quesos,Rallados,https://static.carrefour.es/hd_510x_/img_pim_food/053189_00_1.jpg
https://www.carrefour.es/supermercado/cafe-frappuccino-vainilla-starbucks-250-ml/R-716101867/p,Café frappuccino vainilla Starbucks 250 ml,"2,65 €",,"10,60 €/l",,La Despensa,Desayuno,Cafés,https://static.carrefour.es/hd_510x_/img_pim_food/492414_00_1.jpg
https://www.carrefour.es/supermercado/melatonina-en-gominolas-zzzquil-natura-vicks-sin-gluten-sin-lactosa-60-ud/R-VC4AECOMM-593917/p,Melatonina en gominolas ZzzQuil Natura Vicks sin gluten sin lactosa 60 ud.,"23,80 €",,"11,33 €/100g",,Parafarmacia,Nutrición y Dietética,Complementos Vitamínicos,https://static.carrefour.es/hd_510x_/img_pim_food/593917_00_1.jpg
https://www.carrefour.es/supermercado/combinado-bacardi-breezer-ron-con-sandia-275-cl/R-521013789/p,"Combinado Bacardí Breezer ron con sandía 27,5 cl.","2,39 €",,"8,69 €/l",,,,,https://static.carrefour.es/hd_510x_/img_pim_food/449022_00_1.jpg
https://www.carrefour.es/supermercado/pepsi-pack-de-12-latas-de-33-cl/R-521008354/p,Pepsi pack de 12 latas de 33 cl.,"9,15 €",,"2,31 €/l",,Bebidas,Refrescos,Colas,https://static.carrefour.es/hd_510x_/img_pim_food/343406_00_1.jpg
https://www.carrefour.es/supermercado/serenitos-integrales-gourmet-130-g/R-prod970499/p,Serenitos Integrales Gourmet 130 g,"2,25 €",,"17,31 €/kg",,Productos Frescos,Panadería Tradicional,Pan Tradicional,https://static.carrefour.es/hd_510x_/img_pim_food/056132_00_1.jpg
https://www.carrefour.es/supermercado/kefir-suave-con-frutas-del-bosque-ecologico-casa-grande-de-xanceda-sin-gluten-pack-de-2-unidades-de-125-g/R-VC4AECOMM-476830/p,Kéfir suave con frutas del bosque ecológico Casa Grande de Xanceda sin gluten pack de 2 unidades de 125 g.,"2,25 €",,"9,00 €/kg",,La Despensa,Yogures y Postres,Yogur Natural y Sabores,https://static.carrefour.es/hd_510x_/img_pim_food/476830_00_1.jpg
https://www.carrefour.es/supermercado/desodorante-en-spray-invisible-proteccion-48h-antitranspirante-antimanchas-0-alcohol-carrefour-men-200-ml/R-VC4AECOMM-658681/p,Desodorante en spray invisible protección 48h antitranspirante antimanchas 0% alcohol Carrefour Men 200 ml.,"1,70 €",,"0,85 €/100ml",,Perfumería e Higiene,Baño e Higiene Corporal,Desodorantes,https://static.carrefour.es/hd_510x_/img_pim_food/658681_00_1.jpg
https://www.carrefour.es/supermercado/cava-freixenet-cordon-negro-gran-seleccion-brut-75-cl/R-520662189/p,Freixenet Cordon Negro Gran Selección Brut,"7,99 €",,"7,99 €/ud",,Bebidas,Cava y champagne,Cavas,https://static.carrefour.es/hd_510x_/img_pim_food/000248_00_1.jpg
https://www.carrefour.es/supermercado/nabo-granel-1-kg-aprox/R-VC4AECOMM-254082/p,Nabo granel 1 kg aprox,"2,54 €",,"2,54 €/kg",,Productos Frescos,Verduras y hortalizas,Hortalizas,https://static.carrefour.es/hd_510x_/img_pim_food/254082_00_1.jpg
https://www.carrefour.es/supermercado/pandebono-goya-300-g/R-VC4AECOMM-126055/p,Pandebono Goya 300 g.,"5,69 €",,"18,97 €/kg",,Congelados,Rebozados y Platos Preparados,,https://static.carrefour.es/hd_510x_/img_pim_food/126055_00_1.jpg
https://www.carrefour.es/supermercado/colorante-en-gel-bigote-y-barba-castano-just-for-men-15-ml/R-VC4AECOMM-570412/p,Colorante en gel bigote y barba castaño Just for Men 15 ml.,"10,35 €",,"69,00 €/100ml",,Parafarmacia,Cabello,Tintes,https://static.carrefour.es/hd_510x_/img_pim_food/570412_00_1.jpg
https://www.carrefour.es/supermercado/aquarius-melocoton-rojo-botella-15-l/R-VC4AECOMM-358380/p,"Aquarius melocotón rojo botella 1,5 l.","2,15 €",,"1,43 €/l",,Bebidas,Refrescos,Isotónicas,https://static.carrefour.es/hd_510x_/img_pim_food/358380_00_1.jpg
https://www.carrefour.es/supermercado/cecina-de-vaca-extra-igp-cecina-de-leon-en-taco-embutidos-ezequiel-sin-gluten-y-sin-lactosa-800-g-aprox/R-VC4AECOMM-683719/p,Cecina de vaca extra IGP Cecina de León en taco Embutidos Ezequiel sin gluten y sin lactosa 800 g aprox,"17,25 €",,"34,50 €/kg",,Productos Frescos,Charcutería,"Chorizo, Lomo y Otros",https://static.carrefour.es/hd_510x_/img_pim_food/683719_00_1.jpg
https://www.carrefour.es/supermercado/leche-entera-ecologica-puleva-brik-1-l/R-636602200/p,Leche entera ecológica Puleva brik 1 l.,"1,63 €",,"1,63 €/l",,La Despensa,Lácteos,Leche,https://static.carrefour.es/hd_510x_/img_pim_food/802123_00_1.jpg
https://www.carrefour.es/supermercado/caldo-natural-de-pollo-bajo-en-sal-aneto-sin-gluten-y-sin-lactosa-pack-de-2-briks-de-1-l/R-prod1160119/p,Caldo natural de pollo bajo en sal Aneto sin gluten y sin lactosa pack de 2 briks de 1 l.,"7,91 €",,"3,95 €/l",,La Despensa,"Conservas, Sopas y Precocinados","Caldos, Sopas y Pure",https://static.carrefour.es/hd_510x_/img_pim_food/205753_00_1.jpg
https://www.carrefour.es/supermercado/uva-blanca-sin-pepitas-carrefour-bandeja-de-500-g/R-fprod1460464/p,Uva blanca sin pepitas Carrefour bandeja de 500 g,"1,85 €",,"3,70 €/kg",,Productos Frescos,Frutas,Uvas,https://static.carrefour.es/hd_510x_/img_pim_food/402112_00_1.jpg
https://www.carrefour.es/supermercado/pilas-alcalinas-aaa-duracell-plus-paquete-de-10/R-VC4AECOMM-476971/p,"Pilas Alcalinas AAA Duracell Plus, paquete de 10","8,99 €",,"8,99 €/ud",,Limpieza y Hogar,Bazar,Pilas,https://static.carrefour.es/hd_510x_/img_pim_food/476971_00_1.jpg
https://www.carrefour.es/supermercado/brandy-de-jerez-gran-duque-d-alba-solera-gran-reserva-70-cl/R-520663025/p,Gran Duque De Alba Brandy Gran Reserva,"29,00 €",,"41,43 €/l",,Bebidas,Alcoholes,Brandy y Coñac,https://static.carrefour.es/hd_510x_/img_pim_food/007689_00_1.jpg
https://www.carrefour.es/supermercado/dentifrico-gingi-kin-b5-pack-de-2-unidades-de-125-ml/R-VC4AECOMM-010153/p,Dentífrico Gingi Kin B5 pack de 2 unidades de 125 ml.,"12,25 €",,"4,90 €/100ml",,Parafarmacia,Higiene Bucal,Pasta de dientes,https://static.carrefour.es/hd_510x_/img_pim_food/010153_00_1.jpg
https://www.carrefour.es/supermercado/abrillantador-aroma-limon-duo-power-experts-somat-500-ml/R-fprod1340026/p,Abrillantador aroma limón Duo Power Experts Somat 500 ml.,"4,79 €",,"9,58 €/l",,Limpieza y Hogar,Productos para Cocina,Aditivos y limpiamáquinas,https://static.carrefour.es/hd_510x_/img_pim_food/336373_00_1.jpg
https://www.carrefour.es/supermercado/agua-micelar-desmaquillante-carrefour-soft-500-ml/R-VC4AECOMM-064416/p,Agua micelar desmaquillante Carrefour Soft 500 ml.,"3,75 €",,"0,75 €/100ml",,Perfumería e Higiene,Cuidado y Protección Corporal,Limpieza Facial,https://static.carrefour.es/hd_510x_/img_pim_food/064416_00_1.jpg
https://www.carrefour.es/supermercado/leche-infantil-para-lactantes-desde-el-primer-dia-anticolico-y-antiestrenimiento-sanutri-lata-800-g/R-613402253/p,Leche infantil para lactantes desde el primer día anticólico y antiestreñimiento Sanutri lata 800 g.,"26,70 €",,"3,34 €/100g",,Parafarmacia,Ofertas en Parafarmacia,,https://static.carrefour.es/hd_510x_/img_pim_food/360086_00_1.jpg
https://www.carrefour.es/supermercado/yogur-liquido-desnatado-pro-sabor-fresa-sin-azucar-anadido-lindahls-sin-gluten-y-sin-lactosa-344-g/R-VC4AECOMM-213011/p,Yogur liquido desnatado pro+ sabor fresa sin azúcar añadido Lindahls sin gluten y sin lactosa 344 g.,"2,35 €",,"6,83 €/kg",,La Despensa,Yogures y Postres,Proteína,https://static.carrefour.es/hd_510x_/img_pim_food/213011_00_1.jpg
https://www.carrefour.es/supermercado/gel-de-ducha-puro-0-hidratante-hidrogenesse-800-ml/R-768310386/p,Gel de ducha Puro 0% Hidratante Hidrogenesse 800 ml.,"2,45 €",,"0,31 €/100ml",,Perfumería e Higiene,Baño e Higiene Corporal,Geles de Baño,https://static.carrefour.es/hd_510x_/img_pim_food/766614_00_1.jpg
https://www.carrefour.es/supermercado/mandarina-ecologica-carrefour-bio-750-g/R-prod850082/p,Mandarina Ecológica Carrefour Bio 750 g,"2,59 €",,"3,45 €/kg",,Productos Frescos,Frutas,Naranjas y otros cítricos,https://static.carrefour.es/hd_510x_/img_pim_food/369706_00_1.jpg
https://www.carrefour.es/supermercado/cerveza-el-aguila-sin-filtrar-lata-33-cl/R-fprod1190420/p,Cerveza El Águila sin filtrar lata 33 cl.,"0,94 €",,"2,85 €/l",,Bebidas,Cerveza,Todas las Cervezas,https://static.carrefour.es/hd_510x_/img_pim_food/242533_00_1.jpg
https://www.carrefour.es/supermercado/gel-champu-baby-denenes-400-ml/R-fprod1180188/p,Gel Champú Baby Denenes 400 ml.,"5,35 €",,"1,34 €/100ml",,Bebé,Perfumería e Higiene,Champú,https://static.carrefour.es/hd_510x_/img_pim_food/221696_00_1.jpg
https://www.carrefour.es/supermercado/fregasuelos-aromatico-flor-de-cerezo-essential-carrefour-15-l/R-VC4AECOMM-588516/p,"Fregasuelos aromático flor de cerezo Essential Carrefour 1,5 l.","0,95 €",,"0,63 €/l",,Limpieza y Hogar,Productos para toda la casa,Suelos,https://static.carrefour.es/hd_510x_/img_pim_food/588516_00_1.jpg
https://www.carrefour.es/supermercado/pisto-classic-carrefour-classicsin-gruten-frasco-550-g/R-VC4AECOMM-016405/p,Pisto Classi´c Carrefour Classic´sin gruten frasco 550 g.,"1,99 €",,"3,62 €/kg",,La Despensa,"Conservas, Sopas y Precocinados",Platos Preparados,https://static.carrefour.es/hd_510x_/img_pim_food/016405_00_1.jpg
https://www.carrefour.es/supermercado/barquillos-de-chocolate-con-leche-extra-carrefour-125-g/R-VC4AECOMM-429194/p,Barquillos de chocolate con leche Extra Carrefour 125 g.,"1,34 €",,"10,72 €/kg",,La Despensa,Desayuno,Galletas,https://static.carrefour.es/hd_510x_/img_pim_food/429194_00_1.jpg
https://www.carrefour.es/supermercado/miel-de-flores-carrefour-1-kg/R-521029106/p,Miel de flores Carrefour 1 kg.,"4,69 €",,"4,69 €/kg",,La Despensa,Dulce,Miel,https://static.carrefour.es/hd_510x_/img_pim_food/230323_00_1.jpg
https://www.carrefour.es/supermercado/bebida-de-avena-yosoy-sin-azucar-brik-1-l/R-VC4AECOMM-714959/p,Bebida de avena YoSoy sin azúcar brik 1 l.,"1,88 €",,"1,88 €/l",,La Despensa,Lácteos,Bebida Vegetal,https://static.carrefour.es/hd_510x_/img_pim_food/714959_00_1.jpg
https://www.carrefour.es/supermercado/set-de-75-servilletas-2-capas-de-celulosa-renova-blk-75pz-blancas/R-811833211/p,Set de 75 Servilletas 2 capas de Celulosa RENOVA BLK 75pz - Blancas,"4,25 €",,"0,06 €/ud",,Limpieza y Hogar,Papel y Celulosa,Servilletas,https://static.carrefour.es/hd_510x_/img_pim_food/065284_00_1.jpg
https://www.carrefour.es/supermercado/pack-de-2-pilas-alcalinas-uso-frecuente-d-lr20-ultra-plus/R-613004316/p,Pack de 2 Pilas Alcalinas Uso Frecuente D Lr20 Ultra Plus,"6,79 €",,"3,39 €/ud",,Limpieza y Hogar,Bazar,Pilas,https://static.carrefour.es/hd_510x_/img_pim_food/383580_00_1.jpg
https://www.carrefour.es/supermercado/rascador-para-vitroceramicas-de-acero-carrefour-home/R-VC4AECOMM-564644/p,Rascador para Vitrocerámicas de Acero CARREFOUR HOME,"2,99 €",,"2,99 €/ud",,Limpieza y Hogar,Menaje,Utensilios de Cocina,https://static.carrefour.es/hd_510x_/img_pim_food/564644_00_1.jpg
https://www.carrefour.es/supermercado/pasta-fideua-gallo-450-g/R-VC4AECOMM-557256/p,Pasta fideuá Gallo 450 g.,"1,41 €",,"3,13 €/kg",,La Despensa,Alimentación,Pastas,https://static.carrefour.es/hd_510x_/img_pim_food/557256_00_1.jpg
https://www.carrefour.es/supermercado/lechcorpbabsebamed-750ml/R-613402225/p,LECH.CORP.BAB.SEBAMED 750ML,"20,80 €",,"2,77 €/100ml",,Parafarmacia,Bebé,Hidratantes y Aceites Corporales,https://static.carrefour.es/hd_510x_/img_pim_food/352084_00_1.jpg
https://www.carrefour.es/supermercado/arandanos-rojos-deshidratados-carrefour-tarrina-200-g/R-prod1070681/p,Arandanos rojos deshidratados Carrefour tarrina 200 g,"3,05 €",,"15,25 €/kg",,La Despensa,Aperitivos,Frutas Desecadas,https://static.carrefour.es/hd_510x_/img_pim_food/142070_00_1.jpg
https://www.carrefour.es/supermercado/papel-de-cocina-adapt-colhogar-3-rollos/R-prod960004/p,Papel de cocina Adapt Colhogar 3 rollos.,"2,95 €",,"0,98 €/ud",,Limpieza y Hogar,Papel y Celulosa,Papel Cocina y Multiusos,https://static.carrefour.es/hd_510x_/img_pim_food/048654_00_1.jpg
https://www.carrefour.es/supermercado/galletas-maria-integral-family-biscuits-sin-azucar-anadido-600-g/R-VC4AECOMM-490976/p,Galletas María integral Family Biscuits sin azúcar añadido 600 g.,"2,49 €",,"4,15 €/kg",,La Despensa,Desayuno,Galletas,https://static.carrefour.es/hd_510x_/img_pim_food/490976_00_1.jpg
https://www.carrefour.es/supermercado/pistachos-pelados-y-tostados-con-sal-wonderful-100-g/R-VC4AECOMM-028234/p,Pistachos pelados y tostados con sal Wonderful 100 g.,"5,75 €",,"57,50 €/kg",,La Despensa,Aperitivos,Frutos Secos,https://static.carrefour.es/hd_510x_/img_pim_food/028234_00_1.jpg
https://www.carrefour.es/supermercado/whisky-jack-daniels-con-coca-cola-lata-33-cl/R-VC4AECOMM-173896/p,Whisky Jack Daniel’s con Coca-Cola lata 33 cl.,"2,89 €",,"8,76 €/l",,,,,https://static.carrefour.es/hd_510x_/img_pim_food/173896_00_1.jpg
https://www.carrefour.es/supermercado/anarcado-ecologico-pano-naturae-sin-gluten-110-g/R-521016206/p,Anarcado ecológico Paño Naturae sin gluten 110 g.,"1,97 €",,"17,91 €/kg",,La Despensa,Aperitivos,Frutos Secos,https://static.carrefour.es/hd_510x_/img_pim_food/073997_00_1.jpg
https://www.carrefour.es/supermercado/yogur-estilo-griego-con-vainilla-carrefour-extra-sin-gluten-pack-de-6-unidades-de-125-g/R-VC4AECOMM-628237/p,Yogur estilo griego con vainilla Carrefour Extra sin gluten pack de 6 unidades de 125 g.,"1,99 €",,"2,65 €/kg",,La Despensa,Yogures y Postres,Yogures Griegos y Enriquecidos,https://static.carrefour.es/hd_510x_/img_pim_food/628237_00_1.jpg
https://www.carrefour.es/supermercado/agua-mineral-font-vella-33-cl/R-prod130196/p,Agua mineral Font Vella 33 cl.,"0,86 €",,"2,61 €/l",,Bebidas,Aguas y Zumos,"Agua hasta 0,75 litros",https://static.carrefour.es/hd_510x_/img_pim_food/229234_00_1.jpg
https://www.carrefour.es/supermercado/caramelos-de-goma-selection-mix-fini-sin-gluten-150-g/R-795411492/p,Caramelos de goma Selection Mix Fini sin gluten 150 g.,"2,15 €",,"14,33 €/kg",,,,,https://static.carrefour.es/hd_510x_/img_pim_food/896006_00_1.jpg
https://www.carrefour.es/supermercado/pizza-de-jamon-y-queso-la-originale-palacios-405-g/R-854001643/p,Pizza de jamón y queso La Originale Palacios 405 g.,"3,15 €",,"7,78 €/kg",,La Despensa,"Conservas, Sopas y Precocinados",Pizzas,https://static.carrefour.es/hd_510x_/img_pim_food/072914_00_1.jpg
https://www.carrefour.es/supermercado/postre-a-base-de-avellana-con-chocolate-alpro-sin-gluten-pack-de-2-unidades-de-115-g/R-VC4AECOMM-246546/p,Postre a base de avellana con chocolate Alpro sin gluten pack de 2 unidades de 115 g.,"2,55 €",,"11,09 €/kg",,La Despensa,Yogures y Postres,Vegetal,https://static.carrefour.es/hd_510x_/img_pim_food/246546_00_1.jpg
https://www.carrefour.es/supermercado/tinto-de-verano-clasico-sin-alcohol-la-casera-botella-15-l/R-774909695/p,"Tinto de verano clásico sin alcohol La Casera botella 1,5 l.","2,35 €",,"1,57 €/l",,Bebidas,Vinos,Sangría y Tinto de Verano,https://static.carrefour.es/hd_510x_/img_pim_food/783156_00_1.jpg
https://www.carrefour.es/supermercado/carbon-vegetal-carcoa-3-kg/R-prod760490/p,Carbón Vegetal Carcoa 3 Kg,"4,50 €",,"1,50 €/kg",,Limpieza y Hogar,Bazar,Barbacoas y accesorios,https://static.carrefour.es/hd_510x_/img_pim_food/159239_00_1.jpg
https://www.carrefour.es/supermercado/agua-mineral-solan-de-cabras-natural-75-cl/R-640001889/p,Agua mineral Solán de Cabras natural 75 cl.,"0,96 €",,"1,28 €/l
- 5,76 €/6 uds.",,Bebidas,Aguas y Zumos,"Agua hasta 0,75 litros",https://static.carrefour.es/hd_510x_/img_pim_food/809697_00_1.jpg
https://www.carrefour.es/supermercado/galletas-con-cacao-y-gotas-de-chocolate-yayitas-fontaneda-250-g/R-521002895/p,Galletas con cacao y gotas de chocolate Yayitas Fontaneda 250 g.,"2,65 €",,"10,60 €/kg",,La Despensa,Desayuno,Galletas,https://static.carrefour.es/hd_510x_/img_pim_food/001698_00_1.jpg
https://www.carrefour.es/supermercado/maquinillas-desechables-para-hombre-2-hojas-technic2-carrefour-men-20-ud/R-VC4AECOMM-484667/p,Maquinillas desechables para hombre 2 hojas Technic2 Carrefour Men 20 ud.,"3,65 €",,"0,18 €/ud",,Perfumería e Higiene,Depilación y Afeitado,Maquinillas y Recambios,https://static.carrefour.es/hd_510x_/img_pim_food/484667_00_1.jpg
https://www.carrefour.es/supermercado/cepillo-de-dientes-medio-limpieza-profunda-zigzag-colgate-2-ud/R-767407054/p,Cepillo de dientes medio limpieza profunda ZigZag Colgate 2 ud.,"3,59 €",,"3,59 €/ud",,Perfumería e Higiene,Boca y Sonrisa,"Cepillos, Recambios y Accesorios",https://static.carrefour.es/hd_510x_/img_pim_food/765156_00_1.jpg
https://www.carrefour.es/supermercado/barrina-energenita-sabor-melocoton-gummy-power-just-loading-pack-de-3-unidades-de-30-g/R-VC4AECOMM-206963/p,Barrina energénita sabor melocotón Gummy Power Just Loading pack de 3 unidades de 30 g.,"3,69 €",,"123,00 €/kg",,La Despensa,Desayuno,Barritas,https://static.carrefour.es/hd_510x_/img_pim_food/206963_00_1.jpg
https://www.carrefour.es/supermercado/chorizo-extra-picante-carrefour-sin-gluten-280-g/R-VC4AECOMM-709827/p,Chorizo extra picante Carrefour sin gluten 280 g.,"2,55 €","2,45 €","9,11 €/kg","8,75 €/kg",Productos Frescos,Charcutería,"Chorizo, Lomo y Otros",https://static.carrefour.es/hd_510x_/img_pim_food/709827_00_1.jpg
https://www.carrefour.es/supermercado/jabon-en-pastillas-natural-lagarto-pack-de-3-unidades-de-200-g/R-VC4AECOMM-455885/p,Jabón en pastillas natural Lagarto pack de 3 unidades de 200 g.,"3,45 €",,"5,75 €/kg",,Limpieza y Hogar,Cuidado de la Ropa,Detergentes,https://static.carrefour.es/hd_510x_/img_pim_food/455885_00_1.jpg
https://www.carrefour.es/supermercado/vino-frances-rosado-reserva-de-monrouby-reflets-de-france-75-cl/R-prod970400/p,Vino francés rosado reserva de Monrouby Reflets de France 75 cl.,"7,49 €",,"7,49 €/ud",,Bebidas,Vinos,Rosado,https://static.carrefour.es/hd_510x_/img_pim_food/054882_00_1.jpg
https://www.carrefour.es/supermercado/toallitas-captura-colores-protect-iberia-15-ud/R-prod700485/p,Toallitas captura colores Protect Iberia 15 ud.,"4,05 €",,"0,27 €/ud",,Limpieza y Hogar,Cuidado de la Ropa,Toallitas Atrapacolores,https://static.carrefour.es/hd_510x_/img_pim_food/849456_00_1.jpg
https://www.carrefour.es/supermercado/leche-en-polvo-desnatada-central-lechera-asturiana-800-g/R-527030460/p,Leche en polvo desnatada Central Lechera Asturiana 800 g.,"8,31 €",,"10,39 €/kg",,La Despensa,Lácteos,"Leche Condensada, Evaporada y en Polvo",https://static.carrefour.es/hd_510x_/img_pim_food/079302_00_1.jpg
https://www.carrefour.es/supermercado/dentifrico-sabor-fresa-desde-7-anos-carrefour-75-ml/R-VC4AECOMM-472090/p,Dentífrico sabor fresa desde 7 años Carrefour 75 ml.,"0,96 €",,"1,28 €/100ml",,Perfumería e Higiene,Boca y Sonrisa,Dentífricos,https://static.carrefour.es/hd_510x_/img_pim_food/472090_00_1.jpg
https://www.carrefour.es/supermercado/jabon-manos-rosa-mosqueta-soft-carrefour-500-ml/R-VC4AECOMM-434679/p,Jabón manos rosa mosqueta Soft Carrefour 500 ml.,"1,60 €",,"0,32 €/100ml",,Perfumería e Higiene,Baño e Higiene Corporal,Jabón de Manos,https://static.carrefour.es/hd_510x_/img_pim_food/434679_00_1.jpg
https://www.carrefour.es/supermercado/cebolla-troceada-findus-250-g/R-700708413/p,Cebolla troceada Findus 250 g.,"2,95 €",,"11,80 €/kg",,Congelados,Verduras Congeladas,,https://static.carrefour.es/hd_510x_/img_pim_food/324527_00_1.jpg
https://www.carrefour.es/supermercado/tomate-frito-sin-sal-ni-azucar-anadido-orlando-brik-350-g/R-625801570/p,Tomate frito sin sal ni azúcar añadido Orlando brik 350 g.,"1,65 €",,"4,71 €/kg",,La Despensa,Alimentación,Salsas y Tomate Frito,https://static.carrefour.es/hd_510x_/img_pim_food/802238_00_1.jpg
https://www.carrefour.es/supermercado/salsa-agria-blanca-sensation-carrefour-240-g/R-VC4AECOMM-696548/p,Salsa agria blanca Sensation Carrefour 240 g.,"2,25 €",,"9,37 €/kg",,La Despensa,Alimentación,Salsas y Tomate Frito,https://static.carrefour.es/hd_510x_/img_pim_food/696548_00_1.jpg
https://www.carrefour.es/supermercado/mermelada-de-albaricoque-reflets-de-france-325-g/R-VC4AECOMM-695549/p,Mermelada de albaricoque Reflets de France 325 g.,"4,35 €",,"13,38 €/kg",,,,,https://static.carrefour.es/hd_510x_/img_pim_food/695549_00_1.jpg
https://www.carrefour.es/supermercado/caramelos-masticables-de-frutas-sugus-sin-gluten-150-g/R-521004737/p,Caramelos masticables de frutas Sugus sin gluten 150 g.,"2,99 €",,"19,93 €/kg",,La Despensa,Dulce,Dulces y Golosinas,https://static.carrefour.es/hd_510x_/img_pim_food/032510_00_1.jpg
https://www.carrefour.es/supermercado/aceitunas-negras-sin-hueso-serpis-pack-de-2-latas-de-85-g/R-632702156/p,Aceitunas negras sin hueso Serpis pack de 2 latas de 85 g.,"3,79 €",,"22,29 €/kg",,La Despensa,Aperitivos,Aceitunas y Encurtidos,https://static.carrefour.es/hd_510x_/img_pim_food/808791_00_1.jpg
https://www.carrefour.es/supermercado/pan-burger-tgb-292-g-4-ud/R-VC4AECOMM-612689/p,Pan burger TGB 292 g 4 ud,"4,15 €",,"14,21 €/kg",,La Despensa,"Panaderia, Bollería y Pastelería",Pan Perrito y Burguer,https://static.carrefour.es/hd_510x_/img_pim_food/612689_00_1.jpg
https://www.carrefour.es/supermercado/coloracion-permanente-sin-amoniaco-formula-vegana-tono-415-castano-marron-glace-good-garnier-1-ud/R-VC4AECOMM-156777/p,Coloración permanente sin amoniaco fórmula vegana tono 4.15 castaño marrón glacé Good Garnier 1 ud.,"9,95 €",,"9,95 €/ud",,Perfumería e Higiene,Cabello,Tinte,https://static.carrefour.es/hd_510x_/img_pim_food/156777_00_1.jpg
https://www.carrefour.es/supermercado/cafe-natural-express-monodosis-carrefour-14-unidades-de-7-g/R-521003112/p,Café natural express monodosis Carrefour 14 unidades de 7 g.,"3,05 €",,"31,12 €/kg",,La Despensa,Desayuno,Cafés,https://static.carrefour.es/hd_510x_/img_pim_food/059836_00_1.jpg
https://www.carrefour.es/supermercado/leche-de-vaca-entera-ecologica-cantero-de-letur-botella-1-l/R-fprod1250295/p,Leche de vaca entera ecológica Cantero de Letur botella 1 l.,"4,23 €",,"4,23 €/l",,La Despensa,Lácteos,Leche,https://static.carrefour.es/hd_510x_/img_pim_food/302801_00_1.jpg
https://www.carrefour.es/supermercado/mermelada-limon-ecologica-chivers-265-g/R-VC4AECOMM-310268/p,Mermelada limón ecológica Chivers 265 g.,"5,29 €",,"19,96 €/kg",,La Despensa,Dulce,"Mermeladas, Membrillos y Compotas",https://static.carrefour.es/hd_510x_/img_pim_food/310268_00_1.jpg
https://www.carrefour.es/supermercado/encendedor-u140/R-526414577/p,Encendedor U140,"3,59 €",,"3,59 €/ud",,Limpieza y Hogar,Menaje,Utensilios de Cocina,https://static.carrefour.es/hd_510x_/img_pim_food/729960_00_1.jpg
https://www.carrefour.es/supermercado/hamburguesa-mini-mixta-sin-gluten-y-sin-lactosa-carrefour-el-mercado-8x35-g/R-VC4AECOMM-479490/p,Hamburguesa mini mixta sin gluten y sin lactosa Carrefour El Mercado 8x35 g,"2,59 €",,"9,25 €/kg",,Productos Frescos,Carnicería,Hamburguesas,https://static.carrefour.es/hd_510x_/img_pim_food/479490_00_1.jpg
https://www.carrefour.es/supermercado/infusion-buenos-dias-con-manzanilla-menta-y-anis-verde-en-bolsitas-carrefour-30-ud/R-prod690060/p,"Infusión Buenos Días con manzanilla, menta y anís verde en bolsitas Carrefour 30 ud.","2,09 €",,"56,49 €/kg",,La Despensa,Desayuno,Infusiones y Tés,https://static.carrefour.es/hd_510x_/img_pim_food/847130_00_1.jpg
https://www.carrefour.es/supermercado/pasta-mafalda-corta-garofalo-500-g/R-793104324/p,Pasta mafalda corta Garofalo 500 g.,"1,84 €",,"3,68 €/kg",,La Despensa,Alimentación,Pastas,https://static.carrefour.es/hd_510x_/img_pim_food/891469_00_1.jpg
https://www.carrefour.es/supermercado/vino-tinto-crianza-vina-cumbrero-doca-rioja-75-cl/R-520662449/p,Vino tinto crianza Viña Cumbrero D.O.Ca Rioja 75 cl.,"6,79 €",,"6,79 €/ud",,Bebidas,Vinos,Tinto,https://static.carrefour.es/hd_510x_/img_pim_food/736159_00_1.jpg
https://www.carrefour.es/supermercado/gyozas-de-cerdo-vici-400-g/R-VC4AECOMM-398917/p,Gyozas de cerdo Vici 400 g.,"4,29 €",,"10,72 €/kg",,Congelados,Rebozados y Platos Preparados,,https://static.carrefour.es/hd_510x_/img_pim_food/398917_00_1.jpg
https://www.carrefour.es/supermercado/brazo-de-yema-500-g/R-VC4AECOMM-087358/p,Brazo de Yema 500 g,"7,95 €",,"15,90 €/kg",,Productos Frescos,Panadería Tradicional,Pastelería y Repostería,https://static.carrefour.es/hd_510x_/img_pim_food/087358_00_1.jpg
https://www.carrefour.es/supermercado/champu-de-almendra-soft-carrefour-100-ml/R-VC4AECOMM-481952/p,Champú de almendra Soft Carrefour 100 ml.,"1,25 €",,"1,25 €/100ml",,Perfumería e Higiene,Cabello,Champús,https://static.carrefour.es/hd_510x_/img_pim_food/481952_00_1.jpg
https://www.carrefour.es/supermercado/tonica-fever-tree-light-botella-20-cl/R-VC4AECOMM-249330/p,Tónica Fever-Tree Light botella 20 cl.,"2,15 €",,"10,75 €/l",,Bebidas,Refrescos,Tónica,https://static.carrefour.es/hd_510x_/img_pim_food/249330_00_1.jpg
https://www.carrefour.es/supermercado/cinta-dental-con-cera-vitis-50-metros/R-590508758/p,Cinta dental con cera Vitis 50 metros,"5,39 €",,"5,39 €/ud",,Parafarmacia,Higiene Bucal,Cepillos y Seda,https://static.carrefour.es/hd_510x_/img_pim_food/554490_00_1.jpg
https://www.carrefour.es/supermercado/cereales-variados-mix-nestle-190-g/R-prod731092/p,Cereales variados Mix Nestlé 190 g.,"4,65 €",,"24,47 €/kg",,La Despensa,Desayuno,Cereales,https://static.carrefour.es/hd_510x_/img_pim_food/855871_00_1.jpg
https://www.carrefour.es/supermercado/palomitas-saladas-para-microondas-carrefour-pack-de-6-unidades-de-100-g/R-530362838/p,Palomitas saladas para microondas Carrefour pack de 6 unidades de 100 g.,"2,16 €",,"3,60 €/kg",,La Despensa,Aperitivos,Palomitas,https://static.carrefour.es/hd_510x_/img_pim_food/062764_00_1.jpg
https://www.carrefour.es/supermercado/fuet-espetec-extra-embutidos-noel-sin-gluten-170-g/R-591001537/p,Fuet espetec extra Embutidos Noel sin gluten 170 g,"2,49 €",,"14,65 €/kg",,Productos Frescos,Charcutería,"Salchichón, Salami y Fuet",https://static.carrefour.es/hd_510x_/img_pim_food/306188_00_1.jpg
https://www.carrefour.es/supermercado/mermelada-de-albaricoque-categoria-extra-carrefour-sin-gluten-650-g/R-521003437/p,Mermelada de albaricoque categoría extra Carrefour sin gluten 650 g.,"2,19 €",,"3,37 €/kg",,La Despensa,Dulce,"Mermeladas, Membrillos y Compotas",https://static.carrefour.es/hd_510x_/img_pim_food/228280_00_1.jpg
https://www.carrefour.es/supermercado/carrillera-de-vacuno-en-salsa-cascajares-300-g/R-prod71181/p,Carrillera de Vacuno en Salsa Cascajares 300 g,"5,99 €",,"19,97 €/kg",,Productos Frescos,Platos Preparados Cocinados,Platos de Carne y Pescado,https://static.carrefour.es/hd_510x_/img_pim_food/813416_00_1.jpg
https://www.carrefour.es/supermercado/pants-dodot-t5-12-17-kg-58-ud/R-VC4AECOMM-799252/p,Pants Dodot T5 (12-17 kg) 58 ud.,"23,20 €",,"0,40 €/ud",,Bebé,Pañales y Toallitas,Pañales Dodot,https://static.carrefour.es/hd_510x_/img_pim_food/799252_00_1.jpg
https://www.carrefour.es/supermercado/yogur-liquido-desnatado-edulcorado-sin-azucar-anadido-carrefour-1-kg/R-fprod1210092/p,Yogur líquido desnatado edulcorado sin azúcar añadido Carrefour 1 kg.,"1,45 €",,"1,45 €/kg",,La Despensa,Yogures y Postres,Yogures Líquidos,https://static.carrefour.es/hd_510x_/img_pim_food/256892_00_1.jpg
https://www.carrefour.es/supermercado/palitos-de-mar-carrefour-450-g/R-521034877/p,Palitos de mar Carrefour 450 g.,"2,15 €",,"4,78 €/kg",,Congelados,Surimi Congelado,,https://static.carrefour.es/hd_510x_/img_pim_food/571815_00_1.jpg
https://www.carrefour.es/supermercado/panceta-menos-sal-taco-el-chico-sin-gluten-sin-lactosa-300-g/R-VC4AECOMM-709337/p,Panceta menos sal taco El Chico sin gluten sin lactosa 300 g.,"6,19 €",,"20,63 €/kg",,Productos Frescos,Charcutería,Bacon y Panceta,https://static.carrefour.es/hd_510x_/img_pim_food/709337_00_1.jpg
https://www.carrefour.es/supermercado/vino-blanco-moscato-spumante-irreverente-75-cl/R-VC4AECOMM-309013/p,Vino blanco moscato spumante Irreverente 75 cl.,"3,65 €",,"3,65 €/ud",,Bebidas,Vinos,Blanco,https://static.carrefour.es/hd_510x_/img_pim_food/309013_00_1.jpg
https://www.carrefour.es/supermercado/natilla-choco-vainilla-huevo-con-sorpresa-kidsworld-70-g/R-prod395624/p,Natilla choco vainilla huevo con sorpresa Kidsworld 70 g.,"1,30 €",,"18,57 €/kg",,La Despensa,Yogures y Postres,"Natillas, Cremas y Copas",https://static.carrefour.es/hd_510x_/img_pim_food/503358_00_1.jpg
https://www.carrefour.es/supermercado/palitos-de-pan-con-queso-snatts-grefusa-56-g/R-526510873/p,Palitos de pan con queso Snatt's Grefusa 56 g.,"1,22 €",,"21,79 €/kg",,La Despensa,"Panaderia, Bollería y Pastelería","Colines, picos y crakers",https://static.carrefour.es/hd_510x_/img_pim_food/118167_00_1.jpg
https://www.carrefour.es/supermercado/calamares-en-su-tinta-cuca-sin-gluten-y-sin-lactosa-72-g/R-521006462/p,Calamares en su tinta Cuca sin gluten y sin lactosa 72 g.,"4,55 €",,"63,19 €/kg",,La Despensa,"Conservas, Sopas y Precocinados",Conservas de Pescado y Marisco,https://static.carrefour.es/hd_510x_/img_pim_food/027678_00_1.jpg
https://www.carrefour.es/supermercado/chocolate-70-negro-con-frambuesa-y-avellana-lindt-excellence-100-g/R-fprod1410061/p,Chocolate 70% negro con frambuesa y avellana Lindt Excellence 100 g.,"3,69 €",,"36,90 €/kg",,La Despensa,Dulce,Bombones y Chocolates,https://static.carrefour.es/hd_510x_/img_pim_food/361122_00_1.jpg
https://www.carrefour.es/supermercado/mortadela-de-pavo-en-lonchas-campofrio-sin-gluten-95-g/R-prod841705/p,Mortadela de pavo en lonchas Campofrío sin gluten 95 g.,"0,99 €",,"10,42 €/kg",,Productos Frescos,Charcutería,Mortadela y Chopped,https://static.carrefour.es/hd_510x_/img_pim_food/694437_00_1.jpg
https://www.carrefour.es/supermercado/cacahuete-cubierto-de-chocolate-con-leche-mms-400-g/R-521004359/p,Cacahuete cubierto de chocolate con leche m&m's 400 g.,"5,85 €",,"14,62 €/kg",,La Despensa,Dulce,Bombones y Chocolates,https://static.carrefour.es/hd_510x_/img_pim_food/705451_00_1.jpg
https://www.carrefour.es/supermercado/coloracion-permanente-tono-5-castano-luminoso-garnier-color-sensation-1-ud/R-652602060/p,Coloración permanente tono 5 castaño luminoso Garnier Color Sensation 1 ud.,"3,49 €",,"3,49 €/ud",,Perfumería e Higiene,Cabello,Tinte,https://static.carrefour.es/hd_510x_/img_pim_food/169372_00_1.jpg
https://www.carrefour.es/supermercado/caramelos-sabor-menta-mentos-38-g/R-638701805/p,Caramelos sabor menta Mentos 38 g.,"1,08 €",,"28,42 €/kg",,La Despensa,Dulce,Dulces y Golosinas,https://static.carrefour.es/hd_510x_/img_pim_food/122487_00_1.jpg
https://www.carrefour.es/supermercado/cafe-latte-cappuccino-desnatado-triple-0-nescafe-sin-gluten-sin-lactosa-y-sin-azucar-anadido-205-ml/R-prod810577/p,"Café latte cappuccino desnatado triple 0 Nescafé sin gluten, sin lactosa y sin azúcar añadido 205 ml.","1,62 €",,"7,90 €/l",,La Despensa,Lácteos,Listo para beber,https://static.carrefour.es/hd_510x_/img_pim_food/201985_00_1.jpg
https://www.carrefour.es/supermercado/agua-mineral-carrefour-2-l/R-520661068/p,Agua mineral Carrefour 2 l.,"0,51 €",,"0,25 €/l
- 3,06 €/6 uds.",,Bebidas,Aguas y Zumos,"Agua de 0,75 a 2 litros",https://static.carrefour.es/hd_510x_/img_pim_food/609743_00_1.jpg
https://www.carrefour.es/supermercado/agua-de-colonia-en-spray-body-froxen-ii-200-ml/R-fprod1450046/p,Agua de colonia en spray body Froxen II 200 ml.,"7,25 €",,"3,62 €/100ml",,Perfumería e Higiene,Baño e Higiene Corporal,Colonias,https://static.carrefour.es/hd_510x_/img_pim_food/380210_00_1.jpg
https://www.carrefour.es/supermercado/taco-salmon-keta-salvaje-congelado-360-g/R-VC4AECOMM-451226/p,Taco salmón keta salvaje congelado 360 g,"11,95 €",,"33,19 €/kg",,Congelados,Pescados Congelados,,https://static.carrefour.es/hd_510x_/img_pim_food/451226_00_1.jpg
https://www.carrefour.es/supermercado/jamon-cocido-extra-en-lonchas-sin-colorantes-edicion-1954-elpozo-sin-lactosa-120-g/R-prod68046/p,Jamón cocido extra en lonchas sin colorantes Edición 1954 ElPozo sin lactosa 120 g.,"2,59 €",,"21,58 €/kg",,Productos Frescos,Charcutería,Jamón Cocido y Lacón,https://static.carrefour.es/hd_510x_/img_pim_food/710126_00_1.jpg
https://www.carrefour.es/supermercado/pasas-sultanas-a-granel-100-g-aprox/R-prod170266/p,Pasas sultanas a granel 100 g aprox,"0,60 €",,"5,99 €/kg",,La Despensa,Aperitivos,Frutas Desecadas,https://static.carrefour.es/hd_510x_/img_pim_food/097301_00_1.jpg
https://www.carrefour.es/supermercado/solomillo-de-cerdo-extratiernos-elpozo-750-g-aprox/R-820613828/p,Solomillo de cerdo Extratiernos ElPozo 750 g aprox,"8,17 €",,"10,89 €/kg",,Productos Frescos,Carnicería,Cerdo,https://static.carrefour.es/hd_510x_/img_pim_food/952417_00_1.jpg
https://www.carrefour.es/supermercado/mini-medias-noches-carrefour-255-g/R-538003196/p,Mini Medias Noches Carrefour 255 g,"1,99 €",,"7,80 €/kg",,Productos Frescos,Panadería Tradicional,Bollería Tradicional,https://static.carrefour.es/hd_510x_/img_pim_food/147925_00_1.jpg
https://www.carrefour.es/supermercado/desodorante-en-spray-24h-anti-manchas-blancas-con-piedra-de-alumbre-natur-protect-sanex-200-ml/R-prod64113/p,Desodorante en spray 24h anti-manchas blancas con piedra de alumbre Natur Protect Sanex 200 ml.,"3,55 €",,"1,77 €/100ml",,Perfumería e Higiene,Baño e Higiene Corporal,Desodorantes,https://static.carrefour.es/hd_510x_/img_pim_food/200746_00_1.jpg
https://www.carrefour.es/supermercado/cacao-soluble-insatntaneo-carrefour-classic-sin-gluten-600-g/R-526539159/p,Cacao soluble insatntáneo Carrefour Classic sin gluten 600 g.,"4,85 €",,"8,08 €/kg",,La Despensa,Desayuno,Cacaos y Cereales Solubles,https://static.carrefour.es/hd_510x_/img_pim_food/723652_00_1.jpg
https://www.carrefour.es/supermercado/bifidus-desnatado-con-trozos-de-pera-carrefour-classic-sin-gluten-y-sin-azucar-anadido-pack-de-4-unidades-de-125-g/R-819115339/p,Bífidus desnatado con trozos de pera Carrefour Classic´ sin gluten y sin azúcar añadido pack de 4 unidades de 125 g.,"1,30 €",,"2,60 €/kg",,La Despensa,Yogures y Postres,Bífidus,https://static.carrefour.es/hd_510x_/img_pim_food/953660_00_1.jpg
https://www.carrefour.es/supermercado/vino-do-ribera-del-duero-tinto-fino-protos-75-cl/R-prod221375/p,Protos Tinto Fino Tinto 2021,"12,50 €",,"12,50 €/ud",,Bebidas,Vinos,Tinto,https://static.carrefour.es/hd_510x_/img_pim_food/928482_00_1.jpg
https://www.carrefour.es/supermercado/galletas-maria-dorada-carrefour-2-kg/R-VC4AECOMM-593613/p,Galletas María dorada Carrefour 2 kg.,"3,35 €",,"1,67 €/kg",,La Despensa,Desayuno,Galletas,https://static.carrefour.es/hd_510x_/img_pim_food/593613_00_1.jpg
https://www.carrefour.es/supermercado/galletitas-almiron-advance-180-g/R-713315964/p,Galletitas Almirón Advance 180 g,"2,45 €",,"13,61 €/kg",,Bebé,Alimentación infantil,Galletas y Snacks,https://static.carrefour.es/hd_510x_/img_pim_food/440664_00_1.jpg
https://www.carrefour.es/supermercado/detergente-en-capsulas-mimosin-skip-ultimate-32-lavados/R-VC4AECOMM-106139/p,Detergente en cápsulas Mimosín Skip Ultimate 32 lavados,"16,69 €",,"0,52 €/lavado",,Limpieza y Hogar,Cuidado de la Ropa,Detergentes,https://static.carrefour.es/hd_510x_/img_pim_food/106139_00_1.jpg
https://www.carrefour.es/supermercado/snack-de-tomate-queso-y-oregano-natuchips-snatts-sin-gluten-85-g/R-VC4AECOMM-025100/p,"Snack de tomate, queso y orégano Natuchips Snatt's sin gluten 85 g.","2,15 €",,"22,63 €/kg",,La Despensa,Aperitivos,Snacks,https://static.carrefour.es/hd_510x_/img_pim_food/025100_00_1.jpg
https://www.carrefour.es/supermercado/lima-de-unas-fibra-de-vidrio-180-220-grit-beter-1-ud/R-643301881/p,Lima de uñas fibra de vidrio 180/220 grit Beter 1 ud.,"2,05 €",,"2,05 €/ud",,Perfumería e Higiene,Cosmética,Accesorios de Maquillaje y Manicura y Pedicura,https://static.carrefour.es/hd_510x_/img_pim_food/814497_00_1.jpg
https://www.carrefour.es/supermercado/salsa-agridulce-yang-tse-botella-200-g/R-750302191/p,Salsa agridulce Yang Tse botella 200 g.,"1,86 €",,"9,30 €/kg",,La Despensa,Alimentación,Salsas y Tomate Frito,https://static.carrefour.es/hd_510x_/img_pim_food/454811_00_1.jpg
https://www.carrefour.es/supermercado/burn-zero-raspberry-bebida-energetica-sin-azucar-lata-50-cl/R-VC4AECOMM-306767/p,Burn Zero Raspberry Bebida Energética sin azúcar lata 50 cl.,"1,28 €",,"2,56 €/l",,Bebidas,Refrescos,Energéticas,https://static.carrefour.es/hd_510x_/img_pim_food/306767_00_1.jpg
https://www.carrefour.es/supermercado/bebida-lactea-de-leche-merengada-sabor-canela-y-limon-ram-sin-gluten-brik-1-l/R-538001596/p,Bebida láctea de leche merengada sabor canela y limón Ram sin gluten brik 1 l.,"2,15 €",,"2,15 €/l",,La Despensa,Lácteos,Leche,https://static.carrefour.es/hd_510x_/img_pim_food/041335_00_1.jpg
https://www.carrefour.es/supermercado/alubia-pinta-categoria-extra-de-nuestra-tierra-1-kg/R-521005475/p,Alubia pinta categoría extra De Nuestra Tierra 1 kg.,"4,35 €",,"4,35 €/kg",,La Despensa,Alimentación,Legumbres,https://static.carrefour.es/hd_510x_/img_pim_food/412837_00_1.jpg
https://www.carrefour.es/supermercado/tofu-ahumado-ecologico-carrefour-bio-sin-gluten-sin-lactosa-200-g/R-VC4AECOMM-134990/p,Tofu ahumado ecológico Carrefour Bio sin gluten sin lactosa 200 g.,"1,50 €",,"7,50 €/kg",,La Despensa,"Conservas, Sopas y Precocinados",Platos Preparados,https://static.carrefour.es/hd_510x_/img_pim_food/134990_00_1.jpg
https://www.carrefour.es/supermercado/vino-rosado-el-coto-doca-rioja-75-cl/R-521011957/p,El Coto Rosado 2023,"4,89 €",,"4,89 €/ud",,Bebidas,Vinos,Rosado,https://static.carrefour.es/hd_510x_/img_pim_food/046744_00_1.jpg
https://www.carrefour.es/supermercado/macarrones-bolonesa-carrefour-el-mercado-280-g/R-VC4AECOMM-721705/p,Macarrones boloñesa Carrefour El Mercado 280 g,"2,35 €",,"8,39 €/kg",,Productos Frescos,Platos Preparados Cocinados,Pastas y Pizzas,https://static.carrefour.es/hd_510x_/img_pim_food/721705_00_1.jpg
https://www.carrefour.es/supermercado/correa-y-arnes-liso-para-gato-vitakraft/R-720868026/p,Correa y Arnés Liso para Gato Vitakraft,"4,99 €",,"4,99 €/ud",,Mascotas,Perros,Collares y Correas,https://static.carrefour.es/hd_510x_/img_pim_food/658275_00_1.jpg
https://www.carrefour.es/supermercado/jamon-de-bellota-iberica-100-raza-iberica-en-lonchas-altanera-90-g/R-VC4AECOMM-337549/p,Jamón de Bellota Ibérica 100% Raza Ibérica en lonchas Altanera 90 g,"11,89 €",,"132,11 €/kg",,Productos Frescos,Charcutería,Jamón Serrano e Ibérico Envasado,https://static.carrefour.es/hd_510x_/img_pim_food/337549_00_1.jpg
https://www.carrefour.es/supermercado/papilla-infantil-desde-6-meses-8-cereales-con-galleta-maria-nestle-sin-azucar-anadido-725-g/R-VC4AECOMM-516978/p,Papilla infantil desde 6 meses 8 cereales con galleta maría Nestlé sin azúcar añadido 725 g.,"5,45 €",,"7,52 €/kg",,Bebé,Alimentación infantil,Papillas,https://static.carrefour.es/hd_510x_/img_pim_food/516978_00_1.jpg
https://www.carrefour.es/supermercado/huevos-frescos-de-gallina-camperos-circulo-de-calidad-6-ud/R-VC4AECOMM-497262/p,Huevos frescos de gallina camperos Círculo de Calidad 6 ud.,"2,34 €",,"4,68 €/docena",,La Despensa,Huevos,Huevos frescos,https://static.carrefour.es/hd_510x_/img_pim_food/497262_00_1.jpg
https://www.carrefour.es/supermercado/champu-anticaspa-para-cabello-normal-science-les-cosmetiques-400-ml/R-805726767/p,Champú anticaspa para cabello normal Science Les Cosmétiques 400 ml.,"1,72 €",,"0,43 €/100ml",,Perfumería e Higiene,Cabello,Champús,https://static.carrefour.es/hd_510x_/img_pim_food/924530_00_1.jpg
https://www.carrefour.es/supermercado/champu-alisador-liso-brillo-para-cabello-liso-rebelde-o-dificil-de-alisar-garnier-fructis-380-ml/R-prod64587/p,"Champú alisador Liso & Brillo para cabello liso, rebelde o difícil de alisar Garnier-Fructis 380 ml.","4,55 €",,"1,20 €/100ml",,Perfumería e Higiene,Cabello,Champús,https://static.carrefour.es/hd_510x_/img_pim_food/199467_00_1.jpg
https://www.carrefour.es/supermercado/snack-mini-atun-y-bacalao-para-gato-adulto-cat-stick-3-ud/R-830826697/p,Snack mini atún y bacalao para gato adulto Cat Stick 3 ud,"0,99 €",,"0,33 €/ud",,Mascotas,Gatos,Premios y Snacks,https://static.carrefour.es/hd_510x_/img_pim_food/178887_00_1.jpg
https://www.carrefour.es/supermercado/crema-facial-de-dia-rellenadora-y-voluminizadora-con-acido-hialuronico-spf15-clinians-50-ml/R-VC4AECOMM-346416/p,Crema facial de día rellenadora y voluminizadora con ácido Hialurónico SPF15 Clinians 50 ml.,"9,85 €",,"19,70 €/100ml",,Perfumería e Higiene,Cosmética,Rostro,https://static.carrefour.es/hd_510x_/img_pim_food/346416_00_1.jpg
https://www.carrefour.es/supermercado/gelatina-sabor-fresa-sin-azucar-royal-sin-gluten-pack-de-4-unidades-de-90-g/R-562701559/p,Gelatina sabor fresa sin azúcar Royal sin gluten pack de 4 unidades de 90 g.,"1,95 €",,"5,42 €/kg",,La Despensa,Yogures y Postres,Gelatina,https://static.carrefour.es/hd_510x_/img_pim_food/272209_00_1.jpg
https://www.carrefour.es/supermercado/gel-blanqueante-blanco-nuclear-500-ml/R-667703930/p,Gel blanqueante Blanco Nuclear 500 ml.,"3,49 €",,"6,98 €/l",,Limpieza y Hogar,Cuidado de la Ropa,Aditivos y quitamanchas,https://static.carrefour.es/hd_510x_/img_pim_food/326899_00_1.jpg
https://www.carrefour.es/supermercado/estropajo-con-esponja-soft-bano-flexible-scotch-brite/R-521013047/p,Estropajo con Esponja Soft Baño Flexible Scotch Brite,"2,79 €",,"2,79 €/ud",,Limpieza y Hogar,Utensilios de Limpieza,Estropajos,
https://www.carrefour.es/supermercado/garam-masala-carmencita-47-g/R-844000729/p,Garam masala Carmencita 47 g.,"2,29 €",,"48,72 €/kg",,La Despensa,Alimentación,Especias y Sazonadores,https://static.carrefour.es/hd_510x_/img_pim_food/986909_00_1.jpg
https://www.carrefour.es/supermercado/yogur-sabor-limon-nestle-la-lechera-sin-gluten-pack-de-2-unidades-de-125-g/R-521029787/p,Yogur sabor limón Nestlé La Lechera sin gluten pack de 2 unidades de 125 g.,"1,50 €",,"6,00 €/kg",,La Despensa,Yogures y Postres,Yogur Natural y Sabores,https://static.carrefour.es/hd_510x_/img_pim_food/520945_00_1.jpg
https://www.carrefour.es/supermercado/bloc-de-foie-gras-de-pato-del-sud-ouest-igp-francia-carrefour-100-g/R-VC4AECOMM-558122/p,Bloc de Foie Gras de Pato del Sud-Ouest IGP Francia Carrefour 100 g,"9,75 €",,"97,50 €/kg",,Productos Frescos,Charcutería,"Foie, Patés y Sobrasadas",https://static.carrefour.es/hd_510x_/img_pim_food/558122_00_1.jpg
https://www.carrefour.es/supermercado/deo-williams-ice-blue-stick-75/R-520664748/p,DEO WILLIAMS ICE BLUE STICK 75,"2,75 €",,"3,67 €/100ml",,Perfumería e Higiene,Baño e Higiene Corporal,Desodorantes,https://static.carrefour.es/hd_510x_/img_pim_food/001059_00_1.jpg
https://www.carrefour.es/supermercado/higienizante-textil-asevi-720-ml/R-VC4AECOMM-506293/p,Higienizante textil Asevi 720 ml.,"2,89 €",,"4,01 €/l",,Limpieza y Hogar,Cuidado de la Ropa,Aditivos y quitamanchas,https://static.carrefour.es/hd_510x_/img_pim_food/506293_00_1.jpg
https://www.carrefour.es/supermercado/nectar-de-pina-carrefour-classic-brik-1-l/R-780686966/p,Néctar de piña Carrefour Classic brik 1 l.,"0,91 €",,"0,91 €/l",,Bebidas,Aguas y Zumos,Zumos no Refrigerados,https://static.carrefour.es/hd_510x_/img_pim_food/865492_00_1.jpg
https://www.carrefour.es/supermercado/salsa-de-champinones-carrefour-sobre-30-g/R-521005273/p,Salsa de champiñones Carrefour sobre 30 g.,"1,50 €",,"1,50 €/ud",,La Despensa,Alimentación,Salsas y Tomate Frito,https://static.carrefour.es/hd_510x_/img_pim_food/574033_00_1.jpg
https://www.carrefour.es/supermercado/lomo-gran-reserva-ya-cortado-espana-e-hijos-200-g/R-fprod1190250/p,Lomo gran reserva ya cortado España e Hijos 200 g,"4,59 €",,"22,95 €/kg",,Productos Frescos,Charcutería,Tablas y Surtidos,https://static.carrefour.es/hd_510x_/img_pim_food/238001_00_1.jpg
https://www.carrefour.es/supermercado/aceitunas-rellenas-de-anchoas-del-cantabrico-extra-carrefour-150-g/R-VC4AECOMM-126915/p,Aceitunas rellenas de anchoas del Cantábrico Extra Carrefour 150 g.,"1,43 €",,"9,53 €/kg",,La Despensa,Aperitivos,Aceitunas y Encurtidos,https://static.carrefour.es/hd_510x_/img_pim_food/126915_00_1.jpg
https://www.carrefour.es/supermercado/gel-de-ducha-con-aloe-vera-carrefour-750-ml/R-prod1070648/p,Gel de ducha con aloe vera Carrefour 750 ml.,"1,39 €",,"0,19 €/100ml",,Perfumería e Higiene,Baño e Higiene Corporal,Geles de Baño,https://static.carrefour.es/hd_510x_/img_pim_food/141144_00_1.jpg
https://www.carrefour.es/supermercado/enjuague-bucal-white-carrefour-soft-500-ml/R-VC4AECOMM-604624/p,Enjuague bucal white Carrefour Soft 500 ml,"1,35 €",,"0,27 €/100ml",,Perfumería e Higiene,Boca y Sonrisa,Enjuagues Bucales,https://static.carrefour.es/hd_510x_/img_pim_food/604624_00_1.jpg
https://www.carrefour.es/supermercado/chicles-sabor-menta-orbit-sin-azucar-64-g/R-VC4AECOMM-388280/p,Chicles sabor menta Orbit sin azúcar 64 g.,"3,55 €",,"55,47 €/kg",,La Despensa,Dulce,Dulces y Golosinas,https://static.carrefour.es/hd_510x_/img_pim_food/388280_00_1.jpg
https://www.carrefour.es/supermercado/toallitas-para-bebe-sin-perfume-ecologicas-carrefour-bio-64-ud/R-prod500066/p,Toallitas para bebé sin perfume ecológicas Carrefour Bio 64 ud.,"2,55 €",,"0,04 €/ud",,Bebé,Pañales y Toallitas,Toallitas,https://static.carrefour.es/hd_510x_/img_pim_food/831819_00_1.jpg
https://www.carrefour.es/supermercado/aceituna-verde-partida-ecologica-carrefour-bio-200-g/R-VC4AECOMM-446937/p,Aceituna verde partida ecológica Carrefour Bio 200 g.,"2,25 €",,"11,25 €/kg",,La Despensa,Aperitivos,Aceitunas y Encurtidos,https://static.carrefour.es/hd_510x_/img_pim_food/446937_00_1.jpg
https://www.carrefour.es/supermercado/monster-energy-green-zero-bebida-energetica-sin-azucar-lata-500-ml/R-VC4AECOMM-308672/p,Monster Energy Green Zero Bebida Energética sin azúcar lata 500 ml.,"1,95 €",,"3,90 €/l",,Bebidas,Refrescos,Energéticas,https://static.carrefour.es/hd_510x_/img_pim_food/308672_00_1.jpg
https://www.carrefour.es/supermercado/powerade-citrus-con-tapon-sport-botella-50-cl/R-520660745/p,Powerade Citrus con tapón sport botella 50 cl.,"1,45 €",,"2,90 €/l",,La Despensa,Alimentación,Nutrición deportiva,https://static.carrefour.es/hd_510x_/img_pim_food/394779_00_1.jpg
https://www.carrefour.es/supermercado/apositos-ampollas-medianas-compeed-2-ud/R-VC4AECOMM-543169/p,Apósitos ampollas medianas Compeed 2 ud.,"4,45 €",,"2,22 €/ud",,Parafarmacia,Cuidado de manos y pies,Apósitos y Plantillas,https://static.carrefour.es/hd_510x_/img_pim_food/543169_00_1.jpg
https://www.carrefour.es/supermercado/cuajada-natural-azucarada-carrefour-original-pack-de-4-unidades-de-125-g/R-VC4AECOMM-430591/p,Cuajada natural azucarada Carrefour Original pack de 4 unidades de 125 g.,"1,19 €",,"2,38 €/kg",,La Despensa,Yogures y Postres,Otros Postres,https://static.carrefour.es/hd_510x_/img_pim_food/430591_00_1.jpg
https://www.carrefour.es/supermercado/crema-de-manos-hidratante-manos-normales-o-secas-carrefour-100-ml/R-815722677/p,Crema de manos hidratante manos normales o secas Carrefour 100 ml.,"1,71 €",,"1,71 €/100ml",,Perfumería e Higiene,Cuidado y Protección Corporal,Piel,https://static.carrefour.es/hd_510x_/img_pim_food/946752_00_1.jpg
https://www.carrefour.es/supermercado/champu-antiencrespamiento-con-aceite-de-aguacate-original-remedies-300-ml/R-prod731485/p,Champú antiencrespamiento con aceite de aguacate Original Remedies 300 ml.,"3,99 €",,"1,33 €/100ml",,Perfumería e Higiene,Cabello,Champús,https://static.carrefour.es/hd_510x_/img_pim_food/857577_00_1.jpg
https://www.carrefour.es/supermercado/biberon-con-tetina-de-silicona-anatomica-flujo-medio-suavinex-150-ml/R-VC4AECOMM-383763/p,Biberón con tetina de silicona anatómica flujo medio Suavinex 150 ml.,"8,25 €",,"8,25 €/ud",,Bebé,Puericultura,"Chupetes, biberones y tetinas",https://static.carrefour.es/hd_510x_/img_pim_food/383763_00_1.jpg
https://www.carrefour.es/supermercado/libritos-de-lomo-con-jamon-cocido-y-queso-edam-230-g/R-prod590413/p,Libritos de lomo con jamón cocido y queso edam 230 g,"5,70 €",,"5,70 €/ud",,Productos Frescos,Platos Preparados Cocinados,Platos de Carne y Pescado,https://static.carrefour.es/hd_510x_/img_pim_food/873978_00_1.jpg
https://www.carrefour.es/supermercado/chicles-sabor-sandia-clix-one-sin-gluten-y-sin-azucar-50-g/R-prod271339/p,Chicles sabor sandía Clix One sin gluten y sin azúcar 50 g.,"1,44 €",,"22,86 €/kg",,La Despensa,Dulce,Dulces y Golosinas,https://static.carrefour.es/hd_510x_/img_pim_food/303339_00_1.jpg
https://www.carrefour.es/supermercado/jabon-de-manos-aloe-vera-soft-carrefour-500-ml/R-VC4AECOMM-434688/p,Jabón de manos aloe vera Soft Carrefour 500 ml.,"1,60 €",,"0,32 €/100ml",,Perfumería e Higiene,Baño e Higiene Corporal,Jabón de Manos,https://static.carrefour.es/hd_510x_/img_pim_food/434688_00_1.jpg
https://www.carrefour.es/supermercado/fluido-hidratante-oil-free-carrefour-soft-75-ml/R-VC4AECOMM-731141/p,Fluido hidratante oil free Carrefour Soft 75 ml.,"5,99 €",,"7,99 €/100ml",,Perfumería e Higiene,Cuidado y Protección Corporal,Piel,https://static.carrefour.es/hd_510x_/img_pim_food/731141_00_1.jpg
https://www.carrefour.es/supermercado/caldo-natural-de-puchero-aneto-sin-gluten-y-sin-lactosa-pack-de-2-briks-de-1-l/R-786081607/p,Caldo natural de puchero Aneto sin gluten y sin lactosa pack de 2 briks de 1 l.,"9,35 €",,"4,67 €/l",,La Despensa,"Conservas, Sopas y Precocinados","Caldos, Sopas y Pure",https://static.carrefour.es/hd_510x_/img_pim_food/877618_00_1.jpg
https://www.carrefour.es/supermercado/barritas-de-cereales-con-chocolate-con-leche-corny-pack-de-6-unidades-de-25-g/R-521003368/p,Barritas de cereales con chocolate con leche Corny pack de 6 unidades de 25 g.,"2,59 €",,"17,27 €/kg",,La Despensa,Desayuno,Barritas,https://static.carrefour.es/hd_510x_/img_pim_food/139653_00_1.jpg
https://www.carrefour.es/supermercado/tarta-manzana-rectangular-250-g/R-fprod1480282/p,Tarta manzana rectangular 250 g,"3,90 €",,"15,60 €/kg",,Productos Frescos,Panadería Tradicional,Pastelería y Repostería,https://static.carrefour.es/hd_510x_/img_pim_food/413721_00_1.jpg
https://www.carrefour.es/supermercado/zumo-de-manzana-exprimido-carrefour-brik-1-l/R-521030016/p,Zumo de manzana exprimido Carrefour brik 1 l.,"1,50 €",,"1,50 €/l",,Bebidas,Aguas y Zumos,Zumos Refrigerados,https://static.carrefour.es/hd_510x_/img_pim_food/450476_00_1.jpg
https://www.carrefour.es/supermercado/tarrito-de-guisantes-tiernos-con-jamon-desde-6-meses-hero-baby-235-g/R-845100358/p,Tarrito de guisantes tiernos con jamón desde 6 meses Hero Baby 235 g.,"1,85 €",,"0,79 €/100g",,Bebé,Alimentación infantil,Tarritos y Platos Preparados,https://static.carrefour.es/hd_510x_/img_pim_food/039360_00_1.jpg
https://www.carrefour.es/supermercado/barritas-de-frutos-secos-sin-azucar-anadido-sensation-carrefour-sin-gluten-pack-de-4-unidades-de-30-g/R-VC4AECOMM-507439/p,Barritas de frutos secos sin azúcar añadido Sensation Carrefour sin gluten pack de 4 unidades de 30 g.,"2,29 €",,"19,08 €/kg",,La Despensa,Desayuno,Barritas,https://static.carrefour.es/hd_510x_/img_pim_food/507439_00_1.jpg
https://www.carrefour.es/supermercado/dentifrico-proteccion-contra-la-sensibilidad-pro-expert-oral-b-75-ml/R-VC4AECOMM-195139/p,Dentífrico protección contra la sensibilidad Pro-Expert Oral-B 75 ml.,"3,55 €",,"4,73 €/100ml",,Perfumería e Higiene,Boca y Sonrisa,Dentífricos,https://static.carrefour.es/hd_510x_/img_pim_food/195139_00_1.jpg
https://www.carrefour.es/supermercado/ravioli-de-carne-al-huevo-gallo-500-g/R-521005728/p,Ravioli de carne al huevo Gallo 500 g.,"3,35 €",,"6,70 €/kg",,La Despensa,Alimentación,Pastas,https://static.carrefour.es/hd_510x_/img_pim_food/166339_00_1.jpg
https://www.carrefour.es/supermercado/suavizante-concentrado-cielo-azul-vernel-80-lavados/R-VC4AECOMM-473738/p,Suavizante concentrado cielo azul Vernel 80 lavados.,"5,39 €",,"0,07 €/lavado",,Limpieza y Hogar,Cuidado de la Ropa,Suavizantes,https://static.carrefour.es/hd_510x_/img_pim_food/473738_00_1.jpg
https://www.carrefour.es/supermercado/tinte-de-cabello-permanente-tono-734-rubio-dorado-cobrizo-llongueras-color-advance-1-ud/R-521010949/p,Tinte de cabello permanente tono 7.34 rubio dorado cobrizo Llongueras Color Advance 1 ud.,"7,59 €",,"7,59 €/ud",,Perfumería e Higiene,Cabello,Tinte,https://static.carrefour.es/hd_510x_/img_pim_food/790588_00_1.jpg
https://www.carrefour.es/supermercado/after-shave-locion-refresca-calma-y-suaviza-men-carrefour-300-ml/R-VC4AECOMM-139149/p,"After shave locion refresca, calma y suaviza Men Carrefour 300 ml.","2,99 €",,"1,00 €/100ml",,Perfumería e Higiene,Depilación y Afeitado,After Shave,https://static.carrefour.es/hd_510x_/img_pim_food/139149_00_1.jpg
https://www.carrefour.es/supermercado/champinon-pie-cortado-carrefour-200-g-aprox/R-fprod1220162/p,Champiñon pie cortado Carrefour 200 g aprox,"0,97 €",,"4,86 €/kg",,Productos Frescos,Verduras y hortalizas,Setas y Hongos,https://static.carrefour.es/hd_510x_/img_pim_food/271593_00_1.jpg
https://www.carrefour.es/supermercado/ensalada-capriccio-carrefour-150-g/R-757834491/p,Ensalada capriccio Carrefour 150 g,"1,93 €",,"12,87 €/kg",,Productos Frescos,Verduras y hortalizas,Ensaladas y Verduras Preparadas,https://static.carrefour.es/hd_510x_/img_pim_food/766812_00_1.jpg
https://www.carrefour.es/supermercado/zanahoria-rallada-bio-ecologica-carrefour-bio-190-g/R-701717773/p,Zanahoria Rallada Bio ecológica Carrefour Bio 190 g.,"2,45 €",,"12,89 €/kg",,La Despensa,"Conservas, Sopas y Precocinados",Conservas de Vegetales,https://static.carrefour.es/hd_510x_/img_pim_food/400719_00_1.jpg
https://www.carrefour.es/supermercado/pan-casero-schar-sin-gluten-y-sin-lactosa-240-g/R-651303623/p,Pan casero Schär sin gluten y sin lactosa 240 g.,"3,85 €",,"16,04 €/kg",,La Despensa,"Panaderia, Bollería y Pastelería",Especialidades de pan,https://static.carrefour.es/hd_510x_/img_pim_food/815234_00_1.jpg
https://www.carrefour.es/supermercado/pimenton-dulce-carrefour-300-g/R-prod710301/p,Pimentón dulce Carrefour 300 g.,"4,29 €",,"14,30 €/kg",,La Despensa,Alimentación,Especias y Sazonadores,https://static.carrefour.es/hd_510x_/img_pim_food/851269_00_1.jpg
https://www.carrefour.es/supermercado/helices-de-lenteja-roja-gallo-nature-sin-gluten-250-g/R-VC4AECOMM-639919/p,Hélices de lenteja roja Gallo Nature sin gluten 250 g.,"1,99 €",,"7,96 €/kg",,La Despensa,Alimentación,Pastas,https://static.carrefour.es/hd_510x_/img_pim_food/639919_00_1.jpg
https://www.carrefour.es/supermercado/sal-marina-gruesa-ecologica-ecocesta-1-kg/R-prod66172/p,Sal marina gruesa ecológica Ecocesta 1 kg.,"2,19 €",,"2,19 €/kg",,La Despensa,Alimentación,Sales y Bicarbonatos,https://static.carrefour.es/hd_510x_/img_pim_food/207986_00_1.jpg
https://www.carrefour.es/supermercado/aperitivo-de-sidra-la-casera-lata-33-cl/R-VC4AECOMM-171094/p,Aperitivo de sidra La Casera Lata 33 cl.,"1,50 €",,"4,55 €/l",,Bebidas,Sidra,Cider,https://static.carrefour.es/hd_510x_/img_pim_food/171094_00_1.jpg
https://www.carrefour.es/supermercado/leche-fermentada-sabor-fresa-carrefour-classic-sin-gluten-sin-lactosa-pack-de-4-unidades-de-125-g/R-849000338/p,Leche fermentada sabor fresa Carrefour Classic´ sin gluten sin lactosa pack de 4 unidades de 125 g.,"1,50 €",,"3,00 €/kg",,La Despensa,Yogures y Postres,Yogur Natural y Sabores,https://static.carrefour.es/hd_510x_/img_pim_food/012926_00_1.jpg
https://www.carrefour.es/supermercado/leche-fermentada-desnatada-natural-sin-azucar-anadido-carrefour-classic-sin-lactosa-pack-de-4-unidades-de-125-g/R-VC4AECOMM-590611/p,Leche fermentada desnatada natural sin azúcar añadido Carrefour Classic sin lactosa pack de 4 unidades de 125 g.,"1,40 €",,"2,80 €/kg",,La Despensa,Yogures y Postres,Yogur Natural y Sabores,https://static.carrefour.es/hd_510x_/img_pim_food/590611_00_1.jpg
https://www.carrefour.es/supermercado/croissant-roll-crema-avellana-carrefour-2-ud/R-VC4AECOMM-204498/p,Croissant Roll Crema Avellana Carrefour 2 ud.,"3,95 €",,"1,97 €/ud",,Productos Frescos,Panadería Tradicional,Bollería Tradicional,https://static.carrefour.es/hd_510x_/img_pim_food/204498_00_1.jpg
https://www.carrefour.es/supermercado/aceite-de-semillas-postres-koipe-750-ml/R-VC4AECOMM-181755/p,Aceite de semillas postres Koipe 750 ml.,"2,65 €",,"3,53 €/l",,La Despensa,Alimentación,Aceites y vinagres,https://static.carrefour.es/hd_510x_/img_pim_food/181755_00_1.jpg
https://www.carrefour.es/supermercado/tiras-dedos-carrefour-soft-16-ud/R-VC4AECOMM-147870/p,Tiras dedos Carrefour Soft 16 ud.,"1,99 €",,"0,12 €/ud",,Parafarmacia,Botiquín,Apósitos y Gasas,https://static.carrefour.es/hd_510x_/img_pim_food/147870_00_1.jpg
https://www.carrefour.es/supermercado/corazones-de-berenjenas-de-almagro-de-nuestra-tierra-sin-gluten-350-g/R-fprod1320440/p,Corazones de berenjenas de almagro De Nuestra Tierra sin gluten 350 g.,"3,39 €",,"9,69 €/kg",,La Despensa,Aperitivos,Aceitunas y Encurtidos,https://static.carrefour.es/hd_510x_/img_pim_food/335250_00_1.jpg
https://www.carrefour.es/supermercado/alga-wakame-deshidratada-troceada-trevijano-50-g/R-prod840537/p,Alga Wakame deshidratada troceada Trevijano 50 g,"2,70 €",,"54,00 €/kg",,Productos Frescos,Verduras y hortalizas,Ensaladas y Verduras Preparadas,https://static.carrefour.es/hd_510x_/img_pim_food/407630_00_1.jpg
https://www.carrefour.es/supermercado/trampa-detectora-de-polillas-de-los-alimentos-carrefour-1-ud/R-618701669/p,Trampa detectora de polillas de los alimentos Carrefour 1 ud.,"1,99 €",,"0,99 €/ud",,Limpieza y Hogar,Productos para toda la casa,Insecticidas,https://static.carrefour.es/hd_510x_/img_pim_food/683266_00_1.jpg
https://www.carrefour.es/supermercado/galleta-rellena-de-crema-lotus-biscoff-150-g/R-VC4AECOMM-611112/p,Galleta rellena de crema Lotus Biscoff 150 g.,"1,87 €",,"12,47 €/kg",,La Despensa,Desayuno,Galletas,https://static.carrefour.es/hd_510x_/img_pim_food/611112_00_1.jpg
https://www.carrefour.es/supermercado/helado-de-fresa-dracula-frigo-sin-gluten-6-ud/R-526501576/p,Helado de fresa Drácula Frigo sin gluten 6 ud.,"5,25 €",,"0,87 €/ud",,Congelados,Helados,Polos,https://static.carrefour.es/hd_510x_/img_pim_food/794992_00_1.jpg
https://www.carrefour.es/supermercado/15-gamuzas-desechables-spontex-atrapapolvo/R-817316579/p,15 Gamuzas Desechables SPONTEX Atrapapolvo,"5,29 €",,"0,35 €/ud",,Limpieza y Hogar,Utensilios de Limpieza,Bayetas Microfibra Atrapapolvo,https://static.carrefour.es/hd_510x_/img_pim_food/895772_00_1.jpg
https://www.carrefour.es/supermercado/aceite-de-oliva-virgen-extra-dcoop-1-l/R-824301999/p,Aceite de oliva virgen extra Dcoop 1 l.,"14,57 €",,"14,57 €/l",,La Despensa,Alimentación,Aceites y vinagres,https://static.carrefour.es/hd_510x_/img_pim_food/958684_00_1.jpg
https://www.carrefour.es/supermercado/schweppes-citrus-zero-de-mandarina-lima-naranja-y-pomelo-lata-33-cl/R-VC4AECOMM-520769/p,"Schweppes Citrus Zero de mandarina, lima, naranja y pomelo lata 33 cl.","0,99 €",,"3,00 €/l",,Bebidas,Refrescos,Sabores con Gas,https://static.carrefour.es/hd_510x_/img_pim_food/520769_00_1.jpg
https://www.carrefour.es/supermercado/enjuague-bucal-gingival-carrefour-soft-500-ml/R-VC4AECOMM-591359/p,Enjuague Bucal Gingival Carrefour Soft 500 ml.,"1,99 €",,"0,40 €/100ml",,Perfumería e Higiene,Boca y Sonrisa,Enjuagues Bucales,https://static.carrefour.es/hd_510x_/img_pim_food/591359_00_1.jpg
https://www.carrefour.es/supermercado/tortilla-pockets-old-el-paso-223-g/R-VC4AECOMM-539413/p,Tortilla pockets Old El Paso 223 g.,"3,69 €",,"16,55 €/kg",,La Despensa,"Conservas, Sopas y Precocinados","Tortillas, Empanadillas y Sandwiches",https://static.carrefour.es/hd_510x_/img_pim_food/539413_00_1.jpg
https://www.carrefour.es/supermercado/galletas-con-chocolate-leche-y-yogur-gerble-sin-aceite-de-palma-230-g/R-521004510/p,"Galletas con chocolate, leche y yogur Gerblé sin aceite de palma 230 g.","2,85 €",,"12,39 €/kg",,La Despensa,Desayuno,Galletas,https://static.carrefour.es/hd_510x_/img_pim_food/002075_00_1.jpg
https://www.carrefour.es/supermercado/queso-fresco-ricotta-trentin-250-g/R-fprod1480249/p,Queso fresco ricotta Trentin 250 g.,"2,40 €",,"9,60 €/kg",,Productos Frescos,Quesos,Queso Fresco,https://static.carrefour.es/hd_510x_/img_pim_food/413543_00_1.jpg
https://www.carrefour.es/supermercado/compresas-con-alas-para-noche-liberty-evax-9-ud/R-prod260487/p,Compresas con alas para noche Liberty Evax 9 ud.,"3,55 €",,"0,39 €/ud",,Perfumería e Higiene,Higiene íntima,Compresas,https://static.carrefour.es/hd_510x_/img_pim_food/293424_00_1.jpg
https://www.carrefour.es/supermercado/cafe-intenso-en-capsulas-carrefour-compatible-con-dolce-gusto-30-unidades-de-7-g/R-fprod1280743/p,Café intenso en cápsulas Carrefour compatible con Dolce Gusto 30 unidades de 7 g.,"5,45 €",,"25,95 €/kg",,,,,https://static.carrefour.es/hd_510x_/img_pim_food/331362_00_1.jpg
https://www.carrefour.es/supermercado/torta-de-aceite-0-azucares-anadidos-carrefour-classic-150-g/R-698707154/p,Torta de aceite 0% azucares añadidos Carrefour Classic 150 g.,"2,55 €",,"17,00 €/kg",,La Despensa,"Panaderia, Bollería y Pastelería",Bollería,https://static.carrefour.es/hd_510x_/img_pim_food/324739_00_1.jpg
https://www.carrefour.es/supermercado/galletas-con-almendra-y-zanahoria-diat-radisson-220-g/R-prod870409/p,Galletas con almendra y zanahoria Diat Rádisson 220 g.,"2,59 €",,"11,77 €/kg",,La Despensa,Desayuno,Galletas,https://static.carrefour.es/hd_510x_/img_pim_food/028628_00_1.jpg
https://www.carrefour.es/supermercado/coloracion-permanente-sin-amoniaco-formula-vegana-tono-20-negro-trufa-good-garnier-1-ud/R-VC4AECOMM-156748/p,Coloración permanente sin amoniaco fórmula vegana tono 2.0 negro trufa Good Garnier 1 ud.,"9,95 €",,"9,95 €/ud",,Perfumería e Higiene,Cabello,Tinte,https://static.carrefour.es/hd_510x_/img_pim_food/156748_00_1.jpg
https://www.carrefour.es/supermercado/queso-mascarpone-galbani-250-g/R-521030584/p,Queso mascarpone Galbani 250 g.,"4,07 €",,"16,28 €/kg",,Productos Frescos,Quesos,Todos los Quesos,https://static.carrefour.es/hd_510x_/img_pim_food/066973_00_1.jpg
https://www.carrefour.es/supermercado/bebida-de-soja-sin-azucar-alpro-sin-gluten-brik-1-l/R-VC4AECOMM-732759/p,Bebida de soja sin azúcar Alpro sin gluten brik 1 l.,"2,29 €",,"2,29 €/l",,La Despensa,Lácteos,Bebida Vegetal,https://static.carrefour.es/hd_510x_/img_pim_food/732759_00_1.jpg
https://www.carrefour.es/supermercado/pizza-cuatro-quesos-carrefour-classic-580-g/R-649302137/p,Pizza cuatro quesos Carrefour Classic' 580 g.,"3,29 €",,"5,67 €/kg",,La Despensa,"Conservas, Sopas y Precocinados",Pizzas,https://static.carrefour.es/hd_510x_/img_pim_food/819256_00_1.jpg
https://www.carrefour.es/supermercado/drenaje-reductor-ultra-bimanan-500-ml/R-590511600/p,Drenaje reductor ultra Bimanán 500 ml.,"21,00 €",,"4,20 €/100ml",,Parafarmacia,Nutrición y Dietética,Control de Peso,https://static.carrefour.es/hd_510x_/img_pim_food/792436_00_1.jpg
https://www.carrefour.es/supermercado/tarrito-de-frutas-con-copos-de-avena-ecologico-carrefour-baby-bio-desde-6-meses-pack-de-2-unidades-de-200-g/R-VC4AECOMM-432631/p,Tarrito de frutas con copos de avena Ecologico Carrefour Baby Bio desde 6 meses pack de 2 unidades de 200 g.,"2,69 €",,"6,72 €/kg",,Bebé,Alimentación infantil,Tarritos y Platos Preparados,https://static.carrefour.es/hd_510x_/img_pim_food/432631_00_1.jpg
https://www.carrefour.es/supermercado/cepillo-de-dientes-infantil-bateria-carrefour-soft-1-ud/R-VC4AECOMM-046339/p,Cepillo de dientes infantil batería Carrefour Soft 1 ud.,"8,09 €",,"8,09 €/ud",,Perfumería e Higiene,Boca y Sonrisa,"Cepillos, Recambios y Accesorios",https://static.carrefour.es/hd_510x_/img_pim_food/046339_00_1.jpg
https://www.carrefour.es/supermercado/pinza-de-depilar-punta-recta-beter-1-ud/R-521011383/p,Pinza de depilar punta recta Beter 1 ud.,"5,55 €",,"5,55 €/ud",,Perfumería e Higiene,Cosmética,Accesorios de Maquillaje y Manicura y Pedicura,https://static.carrefour.es/hd_510x_/img_pim_food/081584_00_1.jpg
https://www.carrefour.es/supermercado/cafe-espresso-intenso-en-capsulas-descafeinado-nescafe-dolce-gusto-30-ud/R-fprod1360361/p,Café espresso intenso en cápsulas descafeinado Nescafé Dolce Gusto 30 ud.,"8,35 €",,"39,76 €/kg",,La Despensa,Desayuno,Cafés,https://static.carrefour.es/hd_510x_/img_pim_food/342612_00_1.jpg
https://www.carrefour.es/supermercado/estuche-de-2-botellas-de-vino-tinto-reserva-75-cl-1-botella-tinto-reserva-coto-de-imaz-do-ca-rioja-50-cl/R-631702436/p,Estuche 2 Bot. 75 Cl. + 1 Bot. 50 Cl. Coto De Imaz Tinto Reserva 2019,"19,09 €",,"19,09 €/ud",,,,,https://static.carrefour.es/hd_510x_/img_pim_food/807676_00_1.jpg
https://www.carrefour.es/supermercado/queso-emmental-taco-carrefour-250-g/R-VC4AECOMM-681470/p,Queso emmental taco Carrefour 250 g,"2,09 €",,"8,36 €/kg",,Productos Frescos,Quesos,Todos los Quesos,https://static.carrefour.es/hd_510x_/img_pim_food/681470_00_1.jpg
https://www.carrefour.es/supermercado/limpiacristales-multiusos-cristasol-750-ml/R-521002265/p,Limpiacristales multiusos Cristasol 750 ml.,"2,99 €",,"3,99 €/l",,Limpieza y Hogar,Productos para toda la casa,Limpiacristales y Multiusos,https://static.carrefour.es/hd_510x_/img_pim_food/020338_00_1.jpg
https://www.carrefour.es/supermercado/serum-facial-hidratante-para-todo-tipo-de-pieles-ecologico-nectar-of-bio-30-ml/R-VC4AECOMM-493879/p,Sérum facial hidratante para todo tipo de pieles ecológico Nectar Of Bio 30 ml.,"6,75 €",,"22,50 €/100ml",,Perfumería e Higiene,Cosmética,Rostro,https://static.carrefour.es/hd_510x_/img_pim_food/493879_00_1.jpg
https://www.carrefour.es/supermercado/azucar-moreno-de-cana-integral-azucarera-800-g/R-521004632/p,Azúcar moreno de caña integral Azucarera 800 g.,"2,05 €",,"2,56 €/kg",,La Despensa,Desayuno,Azúcar y Edulcorantes,https://static.carrefour.es/hd_510x_/img_pim_food/652272_00_1.jpg
https://www.carrefour.es/supermercado/ambientador-de-varillas-azahar-y-mandarina-cristalinas-35-ml/R-797435478/p,Ambientador de varillas azahar y mandarina Cristalinas 35 ml.,"5,79 €",,"16,54 €/100ml",,Limpieza y Hogar,Ambientadores,Decorativos,https://static.carrefour.es/hd_510x_/img_pim_food/896840_00_1.jpg
https://www.carrefour.es/supermercado/ambientador-lavanda-150-g/R-551303341/p,Ambientador lavanda 150 g.,"0,80 €",,"5,33 €/kg",,Limpieza y Hogar,Ambientadores,Absorbeolores,https://static.carrefour.es/hd_510x_/img_pim_food/255144_00_1.jpg
https://www.carrefour.es/supermercado/fuetis-snacks-original-casademont-sin-gluten-50-g/R-VC4AECOMM-708257/p,Fuetis Snacks Original Casademont sin gluten 50 g,"1,45 €",,"29,00 €/kg",,Productos Frescos,Charcutería,"Salchichón, Salami y Fuet",https://static.carrefour.es/hd_510x_/img_pim_food/708257_00_1.jpg
https://www.carrefour.es/supermercado/rabo-de-vaca-porcionado-el-encinar-de-humienta-1-kg-aprox/R-VC4AECOMM-573773/p,Rabo de Vaca porcionado El Encinar de Humienta 1 kg aprox,"14,90 €","12,79 €","14,90 €/kg","12,79 €/kg",Productos Frescos,Carnicería,Vacuno,https://static.carrefour.es/hd_510x_/img_pim_food/573773_00_1.jpg
https://www.carrefour.es/supermercado/espinazo-de-cerdo-salado-carrefour-300-g-aprox/R-607902908/p,Espinazo de cerdo salado Carrefour 300 g aprox,"1,36 €",,"4,55 €/kg",,Productos Frescos,Carnicería,Otras carnes,https://static.carrefour.es/hd_510x_/img_pim_food/416366_00_1.jpg
https://www.carrefour.es/supermercado/pistachos-tostados-sin-sal-anadida-carrefour-150-g/R-prod800302/p,Pistachos tostados sin sal añadida Carrefour 150 g.,"2,05 €",,"13,67 €/kg",,La Despensa,Aperitivos,Frutos Secos,https://static.carrefour.es/hd_510x_/img_pim_food/991782_00_1.jpg
https://www.carrefour.es/supermercado/yogur-griego-natural-nestle-yaos-850-g/R-VC4AECOMM-218290/p,Yogur griego natural Nestlé Yaos 850 g.,"3,59 €",,"4,22 €/kg",,La Despensa,Yogures y Postres,Yogures Griegos y Enriquecidos,https://static.carrefour.es/hd_510x_/img_pim_food/218290_00_1.jpg
https://www.carrefour.es/supermercado/guindillas-el-faro-130-g/R-606901633/p,Guindillas El Faro 130 g.,"3,05 €",,"23,46 €/kg",,La Despensa,Aperitivos,Aceitunas y Encurtidos,https://static.carrefour.es/hd_510x_/img_pim_food/393215_00_1.jpg
https://www.carrefour.es/supermercado/crema-para-las-durezas-del-pie-carrefour-soft-50-ml/R-VC4AECOMM-655055/p,Crema para las durezas del pie Carrefour Soft 50 ml.,"1,99 €",,"3,98 €/100ml",,Perfumería e Higiene,Cuidado y Protección Corporal,Pies,https://static.carrefour.es/hd_510x_/img_pim_food/655055_00_1.jpg
https://www.carrefour.es/supermercado/mantequilla-sin-sal-lurpak-200-g/R-VC4AECOMM-454046/p,Mantequilla sin sal Lurpak 200 g.,"4,35 €",,"21,75 €/kg",,La Despensa,Lácteos,Mantequillas y Margarinas,https://static.carrefour.es/hd_510x_/img_pim_food/454046_00_1.jpg
https://www.carrefour.es/supermercado/tortitas-con-coco-ines-rosales-180-g/R-VC4AECOMM-450226/p,Tortitas con coco Inés Rosales 180 g.,"2,69 €",,"14,94 €/kg",,La Despensa,"Panaderia, Bollería y Pastelería",Bollería,https://static.carrefour.es/hd_510x_/img_pim_food/450226_00_1.jpg
https://www.carrefour.es/supermercado/cerveza-el-leon-clasica-botella-75-cl/R-VC4AECOMM-412383/p,Cerveza El León clásica botella 75 cl.,"1,32 €",,"1,76 €/l",,Bebidas,Cerveza,Rubia,https://static.carrefour.es/hd_510x_/img_pim_food/412383_00_1.jpg
https://www.carrefour.es/supermercado/comida-humeda-esterilizada-de-pollo-y-ternera-para-gatos-perfect-fit-pack-de-4-unidades-de-85-g/R-VC4AECOMM-638497/p,Comida húmeda esterilizada de pollo y ternera para gatos Perfect Fit pack de 4 unidades de 85 g.,"3,99 €",,"11,74 €/kg",,Mascotas,Gatos,Pienso para gatos,https://static.carrefour.es/hd_510x_/img_pim_food/638497_00_1.jpg
https://www.carrefour.es/supermercado/pasta-spaghetti-fino-gallo-450-g/R-VC4AECOMM-636268/p,Pasta spaghetti fino Gallo 450 g.,"1,41 €",,"3,13 €/kg",,La Despensa,Alimentación,Pastas,https://static.carrefour.es/hd_510x_/img_pim_food/636268_00_1.jpg
https://www.carrefour.es/supermercado/crema-de-orujo-ruavieja-70-cl/R-521015515/p,Ruavieja Orujo,"14,79 €",,"21,13 €/l",,Bebidas,Licores y Cremas,Licores y Orujo,https://static.carrefour.es/hd_510x_/img_pim_food/680723_00_1.jpg
https://www.carrefour.es/supermercado/leche-de-formula-anti-colico-y-anti-estrenimiento-a-partir-del-primer-dia-en-polvo-almiron-advance-digest-1-lata-800-g/R-713315940/p,Leche de fórmula anti-cólico y anti-estreñimiento a partir del primer día en polvo Almirón Advance Digest 1 lata 800 g.,"31,70 €",,"39,62 €/kg",,Parafarmacia,Bebé,Leche infantil,https://static.carrefour.es/hd_510x_/img_pim_food/440537_00_1.jpg
https://www.carrefour.es/supermercado/rodaja-de-pez-espada-carrefour-el-mercado-350-g-aprox/R-VC4AECOMM-351409/p,Rodaja de pez espada Carrefour El Mercado 350 g aprox,"5,56 €",,"15,90 €/kg",,Productos Frescos,Pescadería,Pescado Fresco,https://static.carrefour.es/hd_510x_/img_pim_food/351409_00_1.jpg
https://www.carrefour.es/supermercado/agua-mineral-cabreiroa-grifo-8-l/R-VC4AECOMM-674623/p,Agua mineral Cabreiroá grifo 8 l.,"4,15 €",,"0,52 €/l",,Bebidas,Aguas y Zumos,Agua de más de 2 litros,https://static.carrefour.es/hd_510x_/img_pim_food/674623_00_1.jpg
https://www.carrefour.es/supermercado/atun-claro-en-aceite-de-girasol-calvo-pack-3-latas-de-52-g/R-VC4AECOMM-363075/p,Atún claro en aceite de girasol Calvo pack 3 latas de 52 g.,"3,49 €",,"22,37 €/kg",,La Despensa,"Conservas, Sopas y Precocinados",Conservas de Pescado y Marisco,https://static.carrefour.es/hd_510x_/img_pim_food/363075_00_1.jpg
https://www.carrefour.es/supermercado/crema-facial-de-dia-textura-rica-no-grasa-ultra-rich-regenerist-olay-50-ml/R-VC4AECOMM-626397/p,"Crema facial de día textura rica, no grasa Ultra Rich Regenerist Olay 50 ml.","30,10 €",,"60,20 €/100ml",,Perfumería e Higiene,Cuidado y Protección Corporal,Piel,https://static.carrefour.es/hd_510x_/img_pim_food/626397_00_1.jpg
https://www.carrefour.es/supermercado/gel-suave-fisiologico-para-la-higiene-intima-diaria-germisdin-500-ml/R-590508582/p,Gel suave fisiológico para la higiene íntima diaria Germisdin 500 ml.,"14,85 €",,"2,97 €/100ml",,Parafarmacia,Cuidado corporal,Cuidado Íntimo,https://static.carrefour.es/hd_510x_/img_pim_food/552763_00_1.jpg
https://www.carrefour.es/supermercado/bebida-lactea-al-cacao-chocomel-1-l/R-VC4AECOMM-470724/p,Bebida láctea al cacao Chocomel 1 l.,"2,79 €",,"2,79 €/l",,La Despensa,Lácteos,Batidos y Horchatas,https://static.carrefour.es/hd_510x_/img_pim_food/470724_00_1.jpg
https://www.carrefour.es/supermercado/mortadela-con-aceitunas-en-lonchas-carrefour-el-mercado-sin-gluten-250-g/R-VC4AECOMM-710730/p,Mortadela con Aceitunas en lonchas Carrefour El Mercado sin gluten 250 g,"1,39 €",,"5,56 €/kg",,Productos Frescos,Charcutería,Mortadela y Chopped,https://static.carrefour.es/hd_510x_/img_pim_food/710730_00_1.jpg
https://www.carrefour.es/supermercado/insecticida-electrico-antimosquitos-liquido-aparato-recambio-carrefour-1-ud/R-521001843/p,Insecticida eléctrico antimosquitos líquido aparato + recambio Carrefour 1 ud.,"2,99 €",,"2,99 €/ud",,Limpieza y Hogar,Productos para toda la casa,Insecticidas,https://static.carrefour.es/hd_510x_/img_pim_food/231440_00_1.jpg
https://www.carrefour.es/supermercado/wraps-schar-sin-gluten-y-sin-lactosa-160-g/R-803482435/p,Wraps Schär sin gluten y sin lactosa 160 g.,"5,45 €",,"34,06 €/kg",,La Despensa,"Conservas, Sopas y Precocinados","Tortillas, Empanadillas y Sandwiches",https://static.carrefour.es/hd_510x_/img_pim_food/783742_00_1.jpg
https://www.carrefour.es/supermercado/boquerones-a-la-mediterranea-carrefour-el-mercado-100-g/R-prod150282/p,Boquerones a la mediterránea Carrefour El Mercado 100 g,"2,75 €",,"27,50 €/kg",,Productos Frescos,Pescadería,Preparados y elaborados de Pescado y Marisco,https://static.carrefour.es/hd_510x_/img_pim_food/230914_00_1.jpg
https://www.carrefour.es/supermercado/tinte-creme-gloss-n-515-castano-chocolate-loreal-casting-1-ud/R-684801767/p,Tinte Créme Gloss nº 515 Castaño Chocolate L'Oréal Casting 1 ud.,"5,99 €",,"5,99 €/ud",,Perfumería e Higiene,Cabello,Tinte,https://static.carrefour.es/hd_510x_/img_pim_food/074385_00_1.jpg
https://www.carrefour.es/supermercado/ginebra-larios-rose-premium-70-cl/R-814100151/p,Ginebra Larios Rosé premium 70 cl.,"15,89 €",,"22,70 €/l",,,,,https://static.carrefour.es/hd_510x_/img_pim_food/935180_00_1.jpg
https://www.carrefour.es/supermercado/canelones-de-carne-la-cocinera-500-g/R-VC4AECOMM-334742/p,Canelones de Carne La Cocinera 500 g,"5,25 €",,"10,50 €/kg",,Congelados,Rebozados y Platos Preparados,,https://static.carrefour.es/hd_510x_/img_pim_food/334742_00_1.jpg
https://www.carrefour.es/supermercado/salchichon-iberico-extra-carrefour-sin-gluten-2x625-g/R-VC4AECOMM-468304/p,"Salchichón ibérico extra Carrefour sin gluten 2x62,5 g","2,19 €",,"17,52 €/kg",,Productos Frescos,Charcutería,"Salchichón, Salami y Fuet",https://static.carrefour.es/hd_510x_/img_pim_food/468304_00_1.jpg
https://www.carrefour.es/supermercado/champu-reductor-de-canas-con-aloe-vera-y-aceite-de-coco-control-gx-just-for-men-118-ml/R-VC4AECOMM-352556/p,Champú reductor de canas con aloe vera y aceite de coco Control GX Just For Men 118 ml.,"12,39 €",,"10,50 €/100ml",,Perfumería e Higiene,Cabello,Champús,https://static.carrefour.es/hd_510x_/img_pim_food/352556_00_1.jpg
https://www.carrefour.es/supermercado/carrefour-snacks-para-gatos-de-pollo-80g/R-prod880858/p,Carrefour Snacks para Gatos de Pollo 80g,"1,55 €",,"19,37 €/kg",,Mascotas,Gatos,Pienso para gatos,https://static.carrefour.es/hd_510x_/img_pim_food/927154_00_1.jpg
https://www.carrefour.es/supermercado/salchichas-originales-heura-sin-gluten-216-g/R-VC4AECOMM-354346/p,Salchichas originales Heura sin gluten 216 g.,"5,05 €",,"23,38 €/kg",,Productos Frescos,Charcutería,Salchichas,https://static.carrefour.es/hd_510x_/img_pim_food/354346_00_1.jpg
https://www.carrefour.es/supermercado/galletas-saladas-criollitas-bagley-100-g/R-702506791/p,Galletas saladas Criollitas Bagley 100 g.,"0,99 €",,"9,90 €/kg",,La Despensa,Desayuno,Galletas,https://static.carrefour.es/hd_510x_/img_pim_food/403089_00_1.jpg
https://www.carrefour.es/supermercado/yogur-sabor-fresa-de-platano-de-macedonia-y-de-tarta-de-queso-danone-sin-gluten-pack-de-8-unidades-de-120-g/R-625605506/p,"Yogur sabor fresa, de plátano, de macedonia y de tarta de queso Danone sin gluten pack de 8 unidades de 120 g.","1,99 €",,"2,07 €/kg",,La Despensa,Yogures y Postres,Yogur Natural y Sabores,https://static.carrefour.es/hd_510x_/img_pim_food/801451_00_1.jpg
https://www.carrefour.es/supermercado/aceitunas-verdes-rellenas-de-anchoa-35-menos-de-sal-ligeras-serpis-sin-gluten-y-sin-lactosa-150-g/R-521003879/p,Aceitunas verdes rellenas de anchoa 35% menos de sal Ligeras Serpis sin gluten y sin lactosa 150 g.,"2,55 €",,"17,00 €/kg",,La Despensa,Aperitivos,Aceitunas y Encurtidos,https://static.carrefour.es/hd_510x_/img_pim_food/441433_00_1.jpg
https://www.carrefour.es/supermercado/helado-maxbon-mini-classic-nestle-6-ud/R-521033945/p,Helado Maxbon Mini Classic Nestle 6 Ud.,"5,95 €",,"0,99 €/ud",,Congelados,Helados,Bombón Helado,https://static.carrefour.es/hd_510x_/img_pim_food/355288_00_1.jpg
https://www.carrefour.es/supermercado/pan-de-antano-carrefour-1-ud/R-fprod1180084/p,Pan de antaño Carrefour 1 ud,"1,75 €",,"4,37 €/kg",,Productos Frescos,Panadería Tradicional,Pan Tradicional,https://static.carrefour.es/hd_510x_/img_pim_food/219164_00_1.jpg
https://www.carrefour.es/supermercado/gel-de-bano-ph5-para-piel-sensible-eucerin-1000-ml/R-590508146/p,Gel de baño pH5 para piel sensible Eucerin 1000 ml.,"19,69 €",,"1,97 €/100ml",,Parafarmacia,Cuidado corporal,Jabones y Geles,https://static.carrefour.es/hd_510x_/img_pim_food/550452_00_1.jpg
https://www.carrefour.es/supermercado/venda-cohesiva-25m-x-6-cm-carrefour-soft-1-ud/R-VC4AECOMM-250360/p,"Venda cohesiva 2,5m x 6 cm Carrefour Soft 1 ud.","2,09 €",,"2,09 €/ud",,Parafarmacia,Botiquín,Apósitos y Gasas,https://static.carrefour.es/hd_510x_/img_pim_food/250360_00_1.jpg
https://www.carrefour.es/supermercado/fideo-instantaneo-huevo-soubry-250-g/R-521006931/p,Fideo instantáneo huevo Soubry 250 g.,"1,93 €",,"7,72 €/kg",,La Despensa,Alimentación,Pastas,https://static.carrefour.es/hd_510x_/img_pim_food/028487_00_1.jpg
https://www.carrefour.es/supermercado/cafe-molido-mezcla-descafeinado-carrefour-250-g/R-521003004/p,Café molido mezcla descafeinado Carrefour 250 g.,"2,25 €",,"9,00 €/kg",,La Despensa,Desayuno,Cafés,https://static.carrefour.es/hd_510x_/img_pim_food/236782_00_1.jpg
https://www.carrefour.es/supermercado/almendra-repelada-cruda-carrefour-el-mercado-tarrina-de-250-g/R-prod1070671/p,Almendra repelada cruda Carrefour El Mercado tarrina de 250 g,"3,76 €",,"15,04 €/kg",,La Despensa,Aperitivos,Frutos Secos,https://static.carrefour.es/hd_510x_/img_pim_food/142285_00_1.jpg
https://www.carrefour.es/supermercado/crema-hidratante-cara-y-cuerpo-con-karite-ecologica-carrefour-soft-bio-200-ml/R-VC4AECOMM-667746/p,Crema hidratante cara y cuerpo con karité ecológica Carrefour Soft Bio 200 ml.,"3,89 €",,"1,94 €/100ml",,Perfumería e Higiene,Cuidado y Protección Corporal,"Body Milk, Hidratación Bajo la Ducha",https://static.carrefour.es/hd_510x_/img_pim_food/667746_00_1.jpg
https://www.carrefour.es/supermercado/mejillones-de-chile-en-escabeche-13-18-simpl-sin-gluten-69-g/R-VC4AECOMM-374046/p,Mejillones de Chile en escabeche 13/18 Simpl sin gluten 69 g.,"1,81 €",,"26,23 €/kg",,La Despensa,"Conservas, Sopas y Precocinados",Conservas de Pescado y Marisco,https://static.carrefour.es/hd_510x_/img_pim_food/374046_00_1.jpg
https://www.carrefour.es/supermercado/croquetas-caseras-de-jamon-iberico-295-g/R-prod310245/p,Croquetas caseras de jamón ibérico 295 g,"4,40 €",,"4,40 €/ud",,Productos Frescos,Platos Preparados Cocinados,Fritos,https://static.carrefour.es/hd_510x_/img_pim_food/371923_00_1.jpg
https://www.carrefour.es/supermercado/arroz-salvaje-y-basmati-para-microondas-brillante-pack-de-2-unidades-de-125-g/R-546307004/p,Arroz salvaje y basmati para microondas Brillante pack de 2 unidades de 125 g.,"2,05 €",,"8,20 €/kg",,La Despensa,Alimentación,Arroz y Cous Cous,https://static.carrefour.es/hd_510x_/img_pim_food/580799_00_1.jpg
https://www.carrefour.es/supermercado/tortitas-de-maiz-con-chocolate-negro-gullon-vitalday-sin-gluten-100-g/R-768503566/p,Tortitas de maíz con chocolate negro Gullón Vitalday sin gluten 100 g.,"2,09 €",,"20,90 €/kg",,La Despensa,Aperitivos,Tortitas,https://static.carrefour.es/hd_510x_/img_pim_food/776792_00_1.jpg
https://www.carrefour.es/supermercado/tinte-color-permanente-n-777-rubio-marron-intenso-0-amoniaco-science-les-cosmetiques-1-ud/R-VC4AECOMM-110650/p,Tinte color permanente nº 7.77 rubio marrón intenso 0% Amoniaco Science Les Cosmétiques 1 ud.,"3,89 €",,"3,89 €/ud",,Perfumería e Higiene,Cabello,Tinte,https://static.carrefour.es/hd_510x_/img_pim_food/110650_00_1.jpg
https://www.carrefour.es/supermercado/caramelos-sabor-menta-respiral-sin-gluten-350-g/R-522713768/p,Caramelos sabor menta Respiral sin gluten 350 g.,"4,15 €",,"11,86 €/kg",,La Despensa,Dulce,Dulces y Golosinas,https://static.carrefour.es/hd_510x_/img_pim_food/035215_00_1.jpg
https://www.carrefour.es/supermercado/bolsas-para-asar-al-horno-y-microondas-carrefour-8-ud/R-fprod1330018/p,Bolsas para asar al horno y microondas Carrefour 8 ud.,"1,31 €",,"0,16 €/ud",,Limpieza y Hogar,Conservación de Alimentos,Bolsas,https://static.carrefour.es/hd_510x_/img_pim_food/336288_00_1.jpg
https://www.carrefour.es/supermercado/recambio-cepillo-vileda-duactiva/R-521007671/p,Recambio Cepillo VILEDA Duactiva,"8,49 €",,"8,49 €/ud",,Limpieza y Hogar,Utensilios de Limpieza,"Escobas, Mopas y Recogedores",https://static.carrefour.es/hd_510x_/img_pim_food/593868_00_1.jpg
https://www.carrefour.es/supermercado/queso-viejo-mezcla-tierra-de-tradicion-pieza-11-kg/R-590205791/p,"Queso viejo mezcla Tierra de Tradición pieza 1,1 kg.","16,72 €",,"15,20 €/kg",,Productos Frescos,Quesos,Curado,https://static.carrefour.es/hd_510x_/img_pim_food/184026_00_1.jpg
https://www.carrefour.es/supermercado/queso-en-dados-para-ensaladas-extra-carrefour-200-g/R-VC4AECOMM-602179/p,Queso en dados para ensaladas Extra Carrefour 200 g.,"1,99 €",,"9,95 €/kg",,Productos Frescos,Quesos,Todos los Quesos,https://static.carrefour.es/hd_510x_/img_pim_food/602179_00_1.jpg
https://www.carrefour.es/supermercado/leche-fermentada-liquida-natural-kaikucol-pack-de-8-unidades-de-65-g/R-521029693/p,Leche fermentada líquida natural Kaikucol pack de 8 unidades de 65 g.,"4,89 €",,"9,40 €/kg",,La Despensa,Yogures y Postres,"Colesterol, Óseo y Tensión",https://static.carrefour.es/hd_510x_/img_pim_food/791595_00_1.jpg
https://www.carrefour.es/supermercado/natillas-de-chocolate-con-nata-danone-danet-pack-de-4-unidades-de-100-g/R-816214320/p,Natillas de chocolate con nata Danone Danet pack de 4 unidades de 100 g.,"3,05 €",,"7,62 €/kg",,La Despensa,Yogures y Postres,"Natillas, Cremas y Copas",https://static.carrefour.es/hd_510x_/img_pim_food/943887_00_1.jpg
https://www.carrefour.es/supermercado/cafe-molido-natural-saula-250-g/R-590207677/p,Café molido natural Saula 250 g.,"7,95 €",,"31,80 €/kg",,La Despensa,Desayuno,Cafés,https://static.carrefour.es/hd_510x_/img_pim_food/224383_00_1.jpg
https://www.carrefour.es/supermercado/mousse-de-limon-600-g/R-VC4AECOMM-482863/p,Mousse de limón 600 g,"9,89 €",,"16,48 €/kg",,Productos Frescos,Panadería Tradicional,Pastelería y Repostería,https://static.carrefour.es/hd_510x_/img_pim_food/482863_00_1.jpg
https://www.carrefour.es/supermercado/cacao-soluble-con-fibra-cero-cola-cao-sin-azucar-anadido-300-g/R-840405247/p,Cacao soluble con fibra Cero Cola Cao sin azúcar añadido 300 g.,"4,79 €",,"15,97 €/kg",,La Despensa,Desayuno,Cacaos y Cereales Solubles,https://static.carrefour.es/hd_510x_/img_pim_food/978654_00_1.jpg
https://www.carrefour.es/supermercado/gazpacho-fresco-realfooding-sin-gluten-1-l/R-VC4AECOMM-339275/p,Gazpacho fresco Realfooding sin gluten 1 l.,"4,29 €","3,89 €","4,29 €/l","3,89 €/l",La Despensa,"Conservas, Sopas y Precocinados",Gazpacho y Salmorejo,https://static.carrefour.es/hd_510x_/img_pim_food/339275_00_1.jpg
https://www.carrefour.es/supermercado/fregasuelos-diamante-brillo-carrefour-expert-15-l/R-692704450/p,"Fregasuelos diamante Brillo Carrefour Expert 1,5 l.","2,15 €",,"1,43 €/l",,Limpieza y Hogar,Productos para toda la casa,Suelos,https://static.carrefour.es/hd_510x_/img_pim_food/087806_00_1.jpg
https://www.carrefour.es/supermercado/huevas-de-bacalao-ubago-sin-gluten-200-g/R-521006497/p,Huevas de bacalao Ubago sin gluten 200 g.,"3,19 €",,"15,95 €/kg",,La Despensa,"Conservas, Sopas y Precocinados",Conservas de Pescado y Marisco,https://static.carrefour.es/hd_510x_/img_pim_food/002621_00_1.jpg
https://www.carrefour.es/supermercado/zumo-de-naranja-sin-pulpa-innocent-botella-900-ml/R-VC4AECOMM-658522/p,Zumo de naranja sin pulpa Innocent botella 900 ml.,"3,59 €",,"3,99 €/l",,Bebidas,Aguas y Zumos,Zumos Refrigerados,https://static.carrefour.es/hd_510x_/img_pim_food/658522_00_1.jpg
https://www.carrefour.es/supermercado/panales-carrefour-baby-ultra-dry-talla-6-xl-16-kg-120-ud/R-VC4AECOMM-145979/p,Pañales Carrefour Baby Ultra Dry Talla 6 XL (+ 16 kg) 120 ud.,"29,50 €",,"0,25 €/ud",,Bebé,Pañales y Toallitas,Pañales Carrefour Baby,https://static.carrefour.es/hd_510x_/img_pim_food/145979_00_1.jpg
https://www.carrefour.es/supermercado/pate-de-jamon-iberico-casa-tarradellas-sin-gluten-125-g/R-521006612/p,Paté de jamón ibérico Casa Tarradellas sin gluten 125 g.,"1,58 €",,"12,64 €/kg",,Productos Frescos,Charcutería,"Foie, Patés y Sobrasadas",https://static.carrefour.es/hd_510x_/img_pim_food/605309_00_1.jpg
https://www.carrefour.es/supermercado/grageas-de-chocolate-con-leche-y-arroz-inflado-mms-crispy-340-g/R-VC4AECOMM-501138/p,Grageas de chocolate con leche y arroz inflado m&m´s Crispy 340 g.,"6,55 €",,"19,26 €/kg",,La Despensa,Dulce,Bombones y Chocolates,https://static.carrefour.es/hd_510x_/img_pim_food/501138_00_1.jpg
https://www.carrefour.es/supermercado/postre-de-soja-sabor-chocolate-negro-alpro-sin-gluten-sin-lactosa-pack-de-4-unidades-de-125-g/R-prod731047/p,Postre de soja sabor chocolate negro Alpro sin gluten sin lactosa pack de 4 unidades de 125 g.,"2,65 €",,"5,30 €/kg",,La Despensa,Yogures y Postres,Vegetal,https://static.carrefour.es/hd_510x_/img_pim_food/855991_00_1.jpg
https://www.carrefour.es/supermercado/helado-strawberry-cheescake-ben-jerrys-465-ml/R-VC4AECOMM-456083/p,Helado strawberry cheescake Ben & Jerry’s 465 ml.,"7,35 €",,"17,67 €/kg",,Congelados,Helados,Tarrinas,https://static.carrefour.es/hd_510x_/img_pim_food/456083_00_1.jpg
https://www.carrefour.es/supermercado/desodorante-roll-on-invisible-antitranspirante-48h-0-alcohol-carrefour-men-50-ml/R-VC4AECOMM-668805/p,Desodorante roll-on invisible antitranspirante 48h 0% alcohol Carrefour Men 50 ml.,"0,85 €",,"1,70 €/100ml",,Perfumería e Higiene,Baño e Higiene Corporal,Desodorantes,https://static.carrefour.es/hd_510x_/img_pim_food/668805_00_1.jpg
https://www.carrefour.es/supermercado/vino-tinto-joven-tempranillo-bardesano-doca-rioja-75-cl/R-fprod1190309/p,Vino tinto joven tempranillo Bardesano D.O.Ca. Rioja 75 cl.,"4,35 €",,"4,35 €/ud",,,,,https://static.carrefour.es/hd_510x_/img_pim_food/240522_00_1.jpg
https://www.carrefour.es/supermercado/serum-sin-aclarado-reparacion-fibra-capilar-elvive-bond-repair-loreal-paris-150-ml/R-VC4AECOMM-156754/p,Sérum sin aclarado reparación fibra capilar Elvive Bond Repair L'Oréal Paris 150 ml.,"10,25 €",,"6,83 €/100ml",,Perfumería e Higiene,Cabello,Cuidado y Tratamientos del cabello,https://static.carrefour.es/hd_510x_/img_pim_food/156754_00_1.jpg
https://www.carrefour.es/supermercado/tarrito-multifrutas-ecologica-carrefour-baby-bio-desde-6-meses-pack-de-2-unidades-de-200-g/R-VC4AECOMM-432634/p,Tarrito multifrutas Ecológica Carrefour Baby Bio desde 6 meses pack de 2 unidades de 200 g.,"2,69 €",,"6,72 €/kg",,Bebé,Alimentación infantil,Tarritos y Platos Preparados,https://static.carrefour.es/hd_510x_/img_pim_food/432634_00_1.jpg
https://www.carrefour.es/supermercado/salsa-mejicana-carrefour-200-g/R-fprod1480149/p,Salsa Mejicana Carrefour 200 g,"1,99 €",,"9,95 €/kg",,Productos Frescos,Verduras y hortalizas,Ensaladas y Verduras Preparadas,https://static.carrefour.es/hd_510x_/img_pim_food/410806_00_1.jpg
https://www.carrefour.es/supermercado/cereales-special-k-classic-kelloggs-700-g/R-521029093/p,Cereales Special K classic Kellogg´s 700 g.,"4,89 €",,"6,99 €/kg",,La Despensa,Desayuno,Cereales,https://static.carrefour.es/hd_510x_/img_pim_food/559238_00_1.jpg
https://www.carrefour.es/supermercado/melocoton-en-tiras-en-almibar-ligero-classic-carrefour-pack-de-3-unidades-de-140-g/R-695700813/p,Melocotón en tiras en almíbar ligero Classic Carrefour pack de 3 unidades de 140 g.,"2,75 €",,"6,55 €/kg",,La Despensa,"Conservas, Sopas y Precocinados",Conservas de Frutas,https://static.carrefour.es/hd_510x_/img_pim_food/094338_00_1.jpg
https://www.carrefour.es/supermercado/cana-de-hojaldre-con-crema-de-cacao-carrefour-4-ud/R-525955766/p,Caña de hojaldre con crema de cacao Carrefour 4 ud,"4,09 €",,"1,02 €/ud",,Productos Frescos,Panadería Tradicional,Bollería Tradicional,https://static.carrefour.es/hd_510x_/img_pim_food/412061_00_1.jpg
https://www.carrefour.es/supermercado/queso-en-loncha-tierno-light-en-lonchas-carrefour-200-g/R-784418084/p,Queso en loncha tierno light en lonchas Carrefour 200 g.,"3,49 €",,"17,45 €/kg",,Productos Frescos,Quesos,Tierno,https://static.carrefour.es/hd_510x_/img_pim_food/873786_00_1.jpg
https://www.carrefour.es/supermercado/vino-tinto-reserva-tempranillo-marques-de-caceres-doca-rioja-75-cl/R-520662536/p,Marqués De Cáceres Tinto Reserva 2018,"12,49 €",,"12,49 €/ud",,Bebidas,Vinos,Tinto,https://static.carrefour.es/hd_510x_/img_pim_food/116999_00_1.jpg
https://www.carrefour.es/supermercado/gel-de-ducha-reparador-lactourea-para-piel-muy-seca-lactovit-750-ml/R-706508525/p,Gel de ducha reparador lactourea para piel muy seca Lactovit 750 ml.,"3,45 €",,"0,46 €/100ml",,Perfumería e Higiene,Baño e Higiene Corporal,Geles de Baño,https://static.carrefour.es/hd_510x_/img_pim_food/417134_00_1.jpg
https://www.carrefour.es/supermercado/salchichas-rostbratwurst-de-pavo-y-pollo-carrefour-sin-gluten-540-g/R-fprod1350067/p,Salchichas rostbratwurst de pavo y pollo Carrefour sin gluten 540 g.,"5,65 €",,"10,46 €/kg",,Productos Frescos,Charcutería,Salchichas,https://static.carrefour.es/hd_510x_/img_pim_food/337185_00_1.jpg
https://www.carrefour.es/supermercado/bonito-del-norte-en-escabeche-extra-carrefour-140-g/R-VC4AECOMM-592255/p,Bonito del norte en escabeche Extra Carrefour 140 g.,"3,29 €",,"23,50 €/kg",,La Despensa,"Conservas, Sopas y Precocinados",Conservas de Pescado y Marisco,https://static.carrefour.es/hd_510x_/img_pim_food/592255_00_1.jpg
https://www.carrefour.es/supermercado/caramelos-original-fishermans-friends-sin-gluten-y-sin-azucar-anadido-pack-de-2-unidades-de-25-g/R-VC4AECOMM-051283/p,Caramelos Original Fisherman's Friends sin gluten y sin azúcar añadido pack de 2 unidades de 25 g.,"3,35 €",,"67,00 €/kg",,La Despensa,Dulce,Dulces y Golosinas,https://static.carrefour.es/hd_510x_/img_pim_food/051283_00_1.jpg
https://www.carrefour.es/supermercado/espirales-tricolor-carrefour-500-g/R-prod1060201/p,Espirales tricolor Carrefour 500 g.,"1,23 €",,"2,46 €/kg",,La Despensa,Alimentación,Pastas,https://static.carrefour.es/hd_510x_/img_pim_food/124406_00_1.jpg
https://www.carrefour.es/supermercado/mascara-de-pestanas-waterproff-loreal-1-ud/R-prod830413/p,Máscara de pestañas Waterproff L'Oréal 1 ud.,"13,35 €",,"13,35 €/ud",,Perfumería e Higiene,Cosmética,Ojos,https://static.carrefour.es/hd_510x_/img_pim_food/304426_00_1.jpg
https://www.carrefour.es/supermercado/agua-mineral-con-gas-fonter-50-cl/R-fprod1220060/p,Agua mineral con gas Fonter 50 cl.,"0,86 €",,"1,72 €/l",,Bebidas,Aguas y Zumos,Agua con gas,https://static.carrefour.es/hd_510x_/img_pim_food/266057_00_1.jpg
https://www.carrefour.es/supermercado/tampones-super-compak-pearl-tampax-16-ud/R-VC4AECOMM-446086/p,Tampones super Compak Pearl Tampax 16 ud.,"3,89 €",,"0,24 €/ud",,Perfumería e Higiene,Higiene íntima,Tampones,https://static.carrefour.es/hd_510x_/img_pim_food/446086_00_1.jpg
https://www.carrefour.es/supermercado/papel-higienico-acolchado-scottex-24-rollos/R-526423876/p,Papel higiénico Acolchado Scottex 24 rollos,"13,75 €",,"0,57 €/ud",,Limpieza y Hogar,Papel y Celulosa,Papel Higiénico,https://static.carrefour.es/hd_510x_/img_pim_food/794235_00_1.jpg
https://www.carrefour.es/supermercado/grasa-de-caballo-incolora-para-el-calzado-bufalo-75-ml/R-521002233/p,Grasa de caballo incolora para el calzado Búfalo 75 ml.,"2,69 €",,"35,87 €/l",,Limpieza y Hogar,Calzado,Crema,https://static.carrefour.es/hd_510x_/img_pim_food/000439_00_1.jpg
https://www.carrefour.es/supermercado/lote-de-embutidos-chorizo-iberico-curado-y-salchichon-iberico-curado-villar-sin-gluten-200-g-con-tabla-y-cuchillo/R-VC4AECOMM-127512/p,Lote de Embutidos Chorizo Ibérico Curado y Salchichón Ibérico Curado Villar sin gluten 200 g con Tabla y Cuchillo,"13,49 €",,"67,45 €/kg",,Productos Frescos,Charcutería,Tablas y Surtidos,https://static.carrefour.es/hd_510x_/img_pim_food/127512_00_1.jpg
https://www.carrefour.es/supermercado/phoskitos-filipinos-3-ud/R-VC4AECOMM-302402/p,Phoskitos Filipinos 3 ud.,"3,19 €",,"37,09 €/kg",,La Despensa,"Panaderia, Bollería y Pastelería",Bollería,https://static.carrefour.es/hd_510x_/img_pim_food/302402_00_1.jpg
https://www.carrefour.es/supermercado/atun-claro-con-aceite-de-oliva-virgen-extra-ligero-calvo-pack-de-3-unidades-de-56-g/R-VC4AECOMM-691719/p,Atún claro con aceite de oliva virgen extra Ligero Calvo pack de 3 unidades de 56 g.,"5,19 €",,"30,89 €/kg",,La Despensa,"Conservas, Sopas y Precocinados",Conservas de Pescado y Marisco,https://static.carrefour.es/hd_510x_/img_pim_food/691719_00_1.jpg
https://www.carrefour.es/supermercado/oleogel-de-ducha-ph5-para-piel-sensible-y-seca-eucerin-1000-ml/R-590508152/p,Oleogel de ducha pH5 para piel sensible y seca Eucerin 1000 ml.,"25,40 €",,"2,54 €/100ml",,Parafarmacia,Cuidado corporal,Jabones y Geles,https://static.carrefour.es/hd_510x_/img_pim_food/550459_00_1.jpg
https://www.carrefour.es/supermercado/vino-tinto-garnacha-tinta-la-maldita-doca-rioja-75-cl/R-fprod1460604/p,La Maldita Tinto 2022,"7,09 €",,"7,09 €/ud",,Bebidas,Vinos,Tinto,https://static.carrefour.es/hd_510x_/img_pim_food/402875_00_1.jpg
https://www.carrefour.es/supermercado/pomada-protectora-bepanthol-bayer-100-g/R-590509300/p,Pomada Protectora Bepanthol Bayer 100 g.,"18,25 €",,"18,25 €/100g",,Parafarmacia,Cuidado corporal,Cremas y Lociones,https://static.carrefour.es/hd_510x_/img_pim_food/592410_00_1.jpg
https://www.carrefour.es/supermercado/mini-pizzas-3-quesos-carrefour-270-g/R-651302988/p,Mini pizzas 3 quesos Carrefour 270 g.,"2,65 €",,"9,81 €/kg",,Congelados,Pizzas Congeladas,,https://static.carrefour.es/hd_510x_/img_pim_food/104377_00_1.jpg
https://www.carrefour.es/supermercado/tinte-permanente-sin-amoniaco-n-5u-castano-claro-excellence-universal-nudes-loreal-paris-1-ud/R-VC4AECOMM-778845/p,Tinte permanente sin amoníaco nº 5U castaño claro Excellence Universal Nudes L'Oréal Paris 1 ud.,"11,29 €",,"11,29 €/ud",,Perfumería e Higiene,Cabello,Tinte,https://static.carrefour.es/hd_510x_/img_pim_food/778845_00_1.jpg
https://www.carrefour.es/supermercado/espaguetis-n-3-gallo-675-g/R-VC4AECOMM-652831/p,Espaguetis nº 3 Gallo 675 g.,"1,82 €",,"2,70 €/kg",,Ofertas,,,https://static.carrefour.es/hd_510x_/img_pim_food/652831_00_1.jpg
https://www.carrefour.es/supermercado/filete-de-dorada-carrefour-400-g-aprox/R-VC4AECOMM-036525/p,Filete de Dorada Carrefour 400 g aprox,"10,57 €",,"21,15 €/kg",,Productos Frescos,Pescadería,Pescado Fresco,https://static.carrefour.es/hd_510x_/img_pim_food/036525_00_1.jpg
https://www.carrefour.es/supermercado/alcachofa-en-capsulas-pronutri-sin-gluten-30-ud/R-VC4AECOMM-475984/p,Alcachofa en cápsulas Pronutri sin gluten 30 ud.,"4,45 €",,"2.225,00 €/kg",,La Despensa,Alimentación,Vitaminas y Complementos,https://static.carrefour.es/hd_510x_/img_pim_food/475984_00_1.jpg
https://www.carrefour.es/supermercado/molinillo-pimienta-negra-carmencita-47-g/R-521005022/p,Molinillo pimienta negra Carmencita 47 g.,"5,59 €",,"118,94 €/kg",,La Despensa,Alimentación,Especias y Sazonadores,https://static.carrefour.es/hd_510x_/img_pim_food/002139_00_1.jpg
https://www.carrefour.es/supermercado/tarta-bombon-de-chocolate-600-g/R-VC4AECOMM-482888/p,Tarta bombón de chocolate 600 g,"9,90 €",,"16,50 €/kg",,Productos Frescos,Panadería Tradicional,Pastelería y Repostería,https://static.carrefour.es/hd_510x_/img_pim_food/482888_00_1.jpg
https://www.carrefour.es/supermercado/tratamiento-intensivo-keratin-filler-adios-danos-con-aceite-de-marula-para-cabello-danado-fructis-garnier-200-ml/R-VC4AECOMM-316091/p,Tratamiento Intensivo Keratin Filler adiós daños con aceite de marula para cabello dañado Fructis Garnier 200 ml.,"7,99 €",,"3,99 €/100ml",,Perfumería e Higiene,Cabello,Cuidado y Tratamientos del cabello,https://static.carrefour.es/hd_510x_/img_pim_food/316091_00_1.jpg
https://www.carrefour.es/supermercado/pate-a-las-finas-hierbas-casa-tarradellas-sin-gluten-125-g/R-521006622/p,Paté a las finas hierbas Casa Tarradellas sin gluten 125 g.,"1,25 €",,"10,00 €/kg",,Productos Frescos,Charcutería,"Foie, Patés y Sobrasadas",https://static.carrefour.es/hd_510x_/img_pim_food/002667_00_1.jpg
https://www.carrefour.es/supermercado/nata-montada-puleva-spray-250-g/R-521015585/p,Nata montada Puleva spray 250 g.,"2,75 €",,"11,00 €/l",,La Despensa,Lácteos,Nata,https://static.carrefour.es/hd_510x_/img_pim_food/056377_00_1.jpg
https://www.carrefour.es/supermercado/vino-do-ribera-del-duero-tinto-reserva-pesquera-75-cl/R-546003453/p,Tinto Pesquera Tinto 2019,"38,50 €",,"38,50 €/ud",,Bebidas,Vinos,Tinto,https://static.carrefour.es/hd_510x_/img_pim_food/013290_00_1.jpg
https://www.carrefour.es/supermercado/panales-dodot-sensitive-t4-10-15-kg-48-ud/R-prod1000421/p,Pañales Dodot Sensitive T4+ (10-15 kg) 48 ud.,"30,90 €",,"0,64 €/ud",,Ofertas,,,https://static.carrefour.es/hd_510x_/img_pim_food/077971_00_1.jpg
https://www.carrefour.es/supermercado/coliflor-sin-sal-anadida-carrefour-390-g/R-prod1130072/p,Coliflor sin sal añadida Carrefour 390 g.,"2,45 €",,"6,28 €/kg",,La Despensa,"Conservas, Sopas y Precocinados",Conservas de Vegetales,https://static.carrefour.es/hd_510x_/img_pim_food/177728_00_1.jpg
https://www.carrefour.es/supermercado/pasta-espaguetis-de-maiz-y-arroz-classic-carrefour-no-gluten-sin-gluten-500-g/R-805726434/p,Pasta espaguetis de maíz y arroz Classic Carrefour No Gluten sin gluten 500 g.,"2,05 €",,"4,10 €/kg",,La Despensa,Alimentación,Pastas,https://static.carrefour.es/hd_510x_/img_pim_food/924415_00_1.jpg
https://www.carrefour.es/supermercado/pudding-sabor-a-caramelo-salado-arla-protein-sin-azucar-anadido-200-g/R-VC4AECOMM-395348/p,Pudding sabor a caramelo salado Arla Protein sin azúcar añadido 200 g.,"2,15 €",,"10,75 €/kg",,La Despensa,Yogures y Postres,,https://static.carrefour.es/hd_510x_/img_pim_food/395348_00_1.jpg
https://www.carrefour.es/supermercado/barritas-de-cereales-con-chocolate-carrefour-classic-pack-6-unidades-de-21-g/R-prod410299/p,Barritas de cereales con chocolate Carrefour Classic pack 6 unidades de 21 g.,"1,07 €",,"8,49 €/kg",,La Despensa,Desayuno,Barritas,https://static.carrefour.es/hd_510x_/img_pim_food/822210_00_1.jpg
https://www.carrefour.es/supermercado/cafe-soluble-vainilla-latte-nescafe-gold-310-g/R-866819060/p,Café soluble vainilla latte Nescafé Gold 310 g.,"4,89 €",,"15,77 €/kg",,La Despensa,Desayuno,Cafés,https://static.carrefour.es/hd_510x_/img_pim_food/163477_00_1.jpg
https://www.carrefour.es/supermercado/uva-sin-pepitas-sabor-moscatel-500-g/R-fprod1430089/p,Uva sin pepitas sabor Moscatel 500 g,"3,04 €",,"6,08 €/kg",,Productos Frescos,Frutas,Uvas,https://static.carrefour.es/hd_510x_/img_pim_food/371273_00_1.jpg
https://www.carrefour.es/supermercado/salsa-barbacoa-miel-sweet-baby-rays-sin-gluten-510-g/R-843506738/p,Salsa barbacoa miel Sweet Baby Ray´s sin gluten 510 g.,"5,45 €",,"10,69 €/kg",,La Despensa,Alimentación,Salsas y Tomate Frito,https://static.carrefour.es/hd_510x_/img_pim_food/985911_00_1.jpg
https://www.carrefour.es/supermercado/quitamanchas-del-dia-a-dia-para-la-ropa-4-en-1-pretratante-spray-vanish-750-ml/R-VC4AECOMM-085742/p,Quitamanchas del día a día para la ropa 4 en 1 pretratante spray Vanish 750 ml.,"5,25 €",,"7,00 €/l",,Limpieza y Hogar,Cuidado de la Ropa,Aditivos y quitamanchas,https://static.carrefour.es/hd_510x_/img_pim_food/085742_00_1.jpg
https://www.carrefour.es/supermercado/mortadela-de-vaca-y-ave-natural-halal-chaer-600-g/R-VC4AECOMM-709151/p,Mortadela de vaca y ave natural halal Chaer 600 g.,"2,25 €",,"3,75 €/kg",,Productos Frescos,Charcutería,Mortadela y Chopped,https://static.carrefour.es/hd_510x_/img_pim_food/709151_00_1.jpg
https://www.carrefour.es/supermercado/gel-wc-accion-total-oceano-pato-pack-de-2-unidades-de-750-ml/R-prod70097/p,Gel WC acción total océano Pato pack de 2 unidades de 750 ml.,"5,69 €",,"3,79 €/l",,Limpieza y Hogar,Productos para Baño,WC,https://static.carrefour.es/hd_510x_/img_pim_food/190335_00_1.jpg
https://www.carrefour.es/supermercado/cafe-molido-natural-tierra-madre-oxfam-intermon-250-g/R-526510893/p,Café molido natural Tierra Madre Oxfam Intermón 250 g.,"3,59 €",,"14,36 €/kg",,La Despensa,Desayuno,Cafés,https://static.carrefour.es/hd_510x_/img_pim_food/217516_00_1.jpg
https://www.carrefour.es/supermercado/yogur-sabor-platano-danone-sin-gluten-pack-de-4-unidades-de-120-g/R-521033603/p,Yogur sabor plátano Danone sin gluten pack de 4 unidades de 120 g.,"0,99 €",,"2,06 €/kg",,La Despensa,Yogures y Postres,Yogur Natural y Sabores,https://static.carrefour.es/hd_510x_/img_pim_food/002909_00_1.jpg
https://www.carrefour.es/supermercado/chocolate-con-relleno-de-dulce-de-leche-nestle-extrafino-83-g/R-VC4AECOMM-033708/p,Chocolate con relleno de dulce de leche Nestlé Extrafino 83 g.,"1,41 €",,"16,99 €/kg",,La Despensa,Dulce,Bombones y Chocolates,https://static.carrefour.es/hd_510x_/img_pim_food/033708_00_1.jpg
https://www.carrefour.es/supermercado/detergente-liquido-coladas-mixtas-limpia-y-protege-adios-al-separar-micolor-52-lavados/R-VC4AECOMM-175342/p,Detergente líquido coladas mixtas limpia y protege adiós al separar Micolor 52 lavados.,"17,09 €",,"0,33 €/lavado",,Limpieza y Hogar,Cuidado de la Ropa,Detergentes,https://static.carrefour.es/hd_510x_/img_pim_food/175342_00_1.jpg
https://www.carrefour.es/supermercado/pienso-de-pollo-para-perro-mediano-grande-dream-excellence-3-kg/R-VC4AECOMM-630335/p,Pienso de pollo para perro mediano-grande Dream Excellence 3 kg,"9,39 €",,"3,13 €/kg",,Mascotas,Perros,Pienso para perros,https://static.carrefour.es/hd_510x_/img_pim_food/630335_00_1.jpg
https://www.carrefour.es/supermercado/colgador-wc-momentos-de-relax-perfume-armonia-con-aceites-esenciales-bref-2-ud/R-VC4AECOMM-273719/p,Colgador WC Momentos de Relax perfume armonía con aceites esenciales Bref 2 ud.,"4,69 €",,"46,90 €/kg",,Limpieza y Hogar,Productos para Baño,WC,https://static.carrefour.es/hd_510x_/img_pim_food/273719_00_1.jpg
https://www.carrefour.es/supermercado/nectar-de-mango-y-naranja-carrefour-classic-brik-1-l/R-780686962/p,Néctar de mango y naranja Carrefour Classic brik 1 l.,"1,21 €",,"1,21 €/l",,Bebidas,Aguas y Zumos,Zumos no Refrigerados,https://static.carrefour.es/hd_510x_/img_pim_food/865490_00_1.jpg
https://www.carrefour.es/supermercado/pechuta-de-pollo-proteina-natural-frinsa-96-g/R-VC4AECOMM-206257/p,Pechuta de pollo Proteína Natural Frinsa 96 g.,"4,09 €",,"42,60 €/kg",,La Despensa,"Conservas, Sopas y Precocinados",Conservas de Carne,https://static.carrefour.es/hd_510x_/img_pim_food/206257_00_1.jpg
https://www.carrefour.es/supermercado/sprite-de-lima-limon-sin-azucar-botella-2-l/R-589802808/p,Sprite de lima-limón sin azúcar botella 2 l.,"1,59 €",,"0,79 €/l",,Bebidas,Refrescos,Sabores con Gas,https://static.carrefour.es/hd_510x_/img_pim_food/282008_00_1.jpg
https://www.carrefour.es/supermercado/aceituna-negra-arrugada-de-aragon-con-hueso-de-nuestra-tierra-220-g/R-VC4AECOMM-434283/p,Aceituna negra arrugada de Aragón con hueso De Nuestra Tierra 220 g.,"2,79 €",,"12,68 €/kg",,La Despensa,Aperitivos,Aceitunas y Encurtidos,https://static.carrefour.es/hd_510x_/img_pim_food/434283_00_1.jpg
https://www.carrefour.es/supermercado/impregnador-mopas-limpiador-atrapapolvo-terrazo-alex-750-ml/R-521001777/p,Impregnador mopas limpiador atrapapolvo terrazo Alex 750 ml.,"6,09 €",,"8,12 €/l",,Limpieza y Hogar,Productos para toda la casa,Suelos,https://static.carrefour.es/hd_510x_/img_pim_food/183358_00_1.jpg
https://www.carrefour.es/supermercado/lavavajillas-a-maquina-en-pastillas-ultimate-finish-powerball-29-ud/R-fprod1420071/p,Lavavajillas a máquina en pastillas Ultimate Finish Powerball 29 ud.,"17,35 €",,"0,60 €/lavado",,Limpieza y Hogar,Productos para Cocina,Lavavajillas a máquina,https://static.carrefour.es/hd_510x_/img_pim_food/366720_00_1.jpg
https://www.carrefour.es/supermercado/almendras-tostada-y-salada-con-piel-carrefour-200-g/R-521008644/p,Almendras tostada y salada con piel Carrefour 200 g.,"2,79 €",,"13,95 €/kg",,La Despensa,Aperitivos,Frutos Secos,https://static.carrefour.es/hd_510x_/img_pim_food/646297_00_1.jpg
https://www.carrefour.es/supermercado/sopa-de-pollo-con-fideos-finos-60-de-sal-gallina-blanca-68-g/R-837617243/p,Sopa de pollo con fideos finos -60% de sal Gallina Blanca 68 g.,"0,97 €",,"14,26 €/kg",,La Despensa,"Conservas, Sopas y Precocinados","Caldos, Sopas y Pure",https://static.carrefour.es/hd_510x_/img_pim_food/965649_00_1.jpg
https://www.carrefour.es/supermercado/queso-de-cabra-curado-graso-corteza-al-pimenton-quesos-tradicionales-de-espana-450-g-aprox/R-VC4AECOMM-671038/p,Queso de cabra curado graso corteza al pimentón Quesos Tradicionales de España 450 g aprox,"12,58 €",,"27,95 €/kg",,Productos Frescos,Quesos,Curado,https://static.carrefour.es/hd_510x_/img_pim_food/671038_00_1.jpg
https://www.carrefour.es/supermercado/jamon-de-cebo-iberico-50-raza-iberica-sanchez-alcaraz-sin-gluten-y-sin-lactosa-pieza-de-8-kg-aprox/R-VC4AECOMM-024733/p,Jamón de Cebo Ibérico 50% Raza Ibérica Sánchez Alcaraz sin gluten y sin lactosa pieza de 8 kg aprox,"141,75 €",,"18,90 €/kg",,Productos Frescos,Charcutería,Jamón serrano e ibérico Pieza,https://static.carrefour.es/hd_510x_/img_pim_food/024733_00_1.jpg
https://www.carrefour.es/supermercado/barritas-de-cereales-con-avellanas-corny-pack-6-unidades-de-25-g/R-526538891/p,Barritas de cereales con avellanas Corny pack 6 unidades de 25 g.,"2,59 €",,"17,27 €/kg",,La Despensa,Desayuno,Barritas,https://static.carrefour.es/hd_510x_/img_pim_food/139651_00_1.jpg
https://www.carrefour.es/supermercado/manteca-de-cerdo-iberico-carrefour-430-g/R-609800574/p,Manteca de cerdo ibérico Carrefour 430 g,"3,25 €",,"7,56 €/kg",,Productos Frescos,Carnicería,Otras carnes,https://static.carrefour.es/hd_510x_/img_pim_food/013824_00_1.jpg
https://www.carrefour.es/supermercado/queso-de-untar-light-classic-carrefour-300-g/R-804713850/p,Queso de untar light Classic Carrefour 300 g.,"1,29 €",,"4,30 €/kg",,Productos Frescos,Quesos,Crema de queso,https://static.carrefour.es/hd_510x_/img_pim_food/918952_00_1.jpg
https://www.carrefour.es/supermercado/chocolate-con-leche-crujiente-maltesers-150-g/R-VC4AECOMM-204487/p,Chocolate con leche crujiente Maltesers 150 g.,"3,25 €",,"21,67 €/kg",,,,,https://static.carrefour.es/hd_510x_/img_pim_food/204487_00_1.jpg
https://www.carrefour.es/supermercado/pizza-de-pollo-casa-tarradellas-410-g/R-600804867/p,Pizza de pollo Casa Tarradellas 410 g.,"3,29 €",,"8,02 €/kg",,La Despensa,"Conservas, Sopas y Precocinados",Pizzas,https://static.carrefour.es/hd_510x_/img_pim_food/365215_00_1.jpg
https://www.carrefour.es/supermercado/mermelada-de-albaricoque-la-vieja-fabrica-sin-gluten-350-g/R-546305854/p,Mermelada de albaricoque La Vieja Fábrica sin gluten 350 g.,"3,15 €",,"9,00 €/kg",,La Despensa,Dulce,"Mermeladas, Membrillos y Compotas",https://static.carrefour.es/hd_510x_/img_pim_food/032490_00_1.jpg
https://www.carrefour.es/supermercado/garbanzos-cocidos-sin-sal-anadida-categoria-extra-carrefour-400-g/R-521005485/p,Garbanzos cocidos sin sal añadida categoría extra Carrefour 400 g.,"0,71 €",,"1,77 €/kg",,La Despensa,Alimentación,Legumbres,https://static.carrefour.es/hd_510x_/img_pim_food/709626_00_1.jpg
https://www.carrefour.es/supermercado/gel-de-afeitado-transparente-citrus-spectre-floid-150-ml/R-VC4AECOMM-287233/p,Gel de afeitado transparente citrus spectre Floid 150 ml.,"7,15 €",,"4,77 €/100ml",,Perfumería e Higiene,Depilación y Afeitado,Afeitado,https://static.carrefour.es/hd_510x_/img_pim_food/287233_00_1.jpg
https://www.carrefour.es/supermercado/caldo-de-pollo-con-verduras-gallina-blanca-brick-1-l/R-prod224798/p,Caldo de pollo con verduras Gallina Blanca brick 1 l.,"2,49 €",,"2,49 €/l",,La Despensa,"Conservas, Sopas y Precocinados","Caldos, Sopas y Pure",https://static.carrefour.es/hd_510x_/img_pim_food/157343_00_1.jpg
https://www.carrefour.es/supermercado/patatas-fritas-corte-fino-lays-gourmet-170-g/R-VC4AECOMM-468384/p,Patatas Fritas corte fino Lay's Gourmet 170 g.,"2,79 €",,"16,41 €/kg",,La Despensa,Aperitivos,Patatas Fritas,https://static.carrefour.es/hd_510x_/img_pim_food/468384_00_1.jpg
https://www.carrefour.es/supermercado/yogur-griego-con-stracciatella-carrefour-sin-gluten-1-kg/R-834407490/p,Yogur griego con stracciatella Carrefour sin gluten 1 kg.,"3,85 €",,"3,85 €/kg",,La Despensa,Yogures y Postres,Yogures Griegos y Enriquecidos,https://static.carrefour.es/hd_510x_/img_pim_food/970307_00_1.jpg
https://www.carrefour.es/supermercado/chicles-de-menta-suave-orbit-white-sin-azucar-64-g/R-fprod1460367/p,Chicles de menta suave Orbit White sin azúcar 64 g.,"3,99 €",,"62,34 €/kg",,La Despensa,Dulce,Dulces y Golosinas,https://static.carrefour.es/hd_510x_/img_pim_food/399318_00_1.jpg
https://www.carrefour.es/supermercado/aceite-de-oliva-carbonell-5-l/R-VC4AECOMM-046962/p,Aceite de oliva Carbonell 5 l.,"51,20 €",,"10,24 €/l",,La Despensa,Alimentación,Aceites y vinagres,https://static.carrefour.es/hd_510x_/img_pim_food/046962_00_1.jpg
https://www.carrefour.es/supermercado/sardinillas-en-aceite-de-girasol-al-limon-6-10-cabo-de-penas-60-g/R-521006323/p,Sardinillas en aceite de girasol al limón 6/10 Cabo de Peñas 60 g.,"1,93 €",,"32,17 €/kg",,La Despensa,"Conservas, Sopas y Precocinados",Conservas de Pescado y Marisco,https://static.carrefour.es/hd_510x_/img_pim_food/630674_00_1.jpg
https://www.carrefour.es/supermercado/pate-campana-de-cerdo-y-pollo-classic-carrefour-sin-gluten-y-sin-lactosa-160-g/R-prod930005/p,Paté campaña de cerdo y pollo Classic Carrefour sin gluten y sin lactosa 160 g.,"1,11 €",,"6,94 €/kg",,Productos Frescos,Charcutería,"Foie, Patés y Sobrasadas",https://static.carrefour.es/hd_510x_/img_pim_food/044269_00_1.jpg
https://www.carrefour.es/supermercado/carrilleras-en-salsa-con-patatas-y-setas-carretilla-300-g/R-prod1140273/p,Carrilleras en salsa con patatas y setas Carretilla 300 g.,"5,69 €",,"18,97 €/kg",,La Despensa,"Conservas, Sopas y Precocinados",Platos Preparados,https://static.carrefour.es/hd_510x_/img_pim_food/200494_00_1.jpg
https://www.carrefour.es/supermercado/mini-berlinas-de-azucar-carrefour-5-ud/R-prod160151/p,Mini Berlinas de azúcar Carrefour 5 ud,"1,55 €",,"0,31 €/ud",,Productos Frescos,Panadería Tradicional,Bollería Tradicional,https://static.carrefour.es/hd_510x_/img_pim_food/943337_00_1.jpg
https://www.carrefour.es/supermercado/oreja-cocida-al-ajillo-carrefour-el-mercado-400-g/R-VC4AECOMM-586144/p,Oreja cocida al ajillo Carrefour El Mercado 400 g,"3,00 €",,"7,50 €/kg",,Productos Frescos,Platos Preparados Cocinados,Platos de Carne y Pescado,https://static.carrefour.es/hd_510x_/img_pim_food/586144_00_1.jpg
https://www.carrefour.es/supermercado/serum-antiencrespamiento-stop-frizz-para-pelo-largo-y-encrespado-dream-long-loreal-elvive-100-ml/R-VC4AECOMM-443628/p,Sérum antiencrespamiento Stop Frizz para pelo largo y encrespado Dream Long L'Oréal-Elvive 100 ml.,"6,15 €",,"6,15 €/100ml",,Perfumería e Higiene,Cabello,Cuidado y Tratamientos del cabello,https://static.carrefour.es/hd_510x_/img_pim_food/443628_00_1.jpg
https://www.carrefour.es/supermercado/desodorante-en-spray-black-white-invisible-original-nivea-pack-de-2-unidades-de-200-ml/R-prod1070227/p,Desodorante en spray Black & White Invisible Original Nivea pack de 2 unidades de 200 ml.,"5,79 €",,"1,45 €/100ml",,Perfumería e Higiene,Baño e Higiene Corporal,Desodorantes,https://static.carrefour.es/hd_510x_/img_pim_food/130637_00_1.jpg
https://www.carrefour.es/supermercado/jamon-cocido-en-lonchas-campofrio-sin-gluten-y-sin-lactosa-75-g/R-VC4AECOMM-698858/p,Jamón cocido en lonchas Campofrío sin gluten y sin lactosa 75 g,"0,99 €",,"12,37 €/kg",,Productos Frescos,Charcutería,Jamón Cocido y Lacón,https://static.carrefour.es/hd_510x_/img_pim_food/698858_00_1.jpg
https://www.carrefour.es/supermercado/cafe-con-leche-en-capsulas-central-lechera-asturiana-sin-lactosa-compatible-con-dolce-gusto-16-unidades-de-10-g/R-prod720401/p,Café con leche en cápsulas Central Lechera Asturiana sin lactosa compatible con Dolce Gusto 16 unidades de 10 g.,"4,95 €",,"30,94 €/kg",,La Despensa,Desayuno,Cafés,https://static.carrefour.es/hd_510x_/img_pim_food/852867_00_1.jpg
https://www.carrefour.es/supermercado/pechuga-de-pollo-cocida-en-lonchas-carrefour-el-mercado-200-g/R-VC4AECOMM-050728/p,Pechuga de Pollo Cocida en lonchas Carrefour El Mercado 200 g,"2,35 €",,"11,75 €/kg",,Productos Frescos,Charcutería,Jamón Cocido y Lacón,https://static.carrefour.es/hd_510x_/img_pim_food/050728_00_1.jpg
https://www.carrefour.es/supermercado/patatas-fritas-salsa-bull-sensation-carrefour-y-lord-dani-150-g/R-VC4AECOMM-302308/p,Patatas fritas salsa bull Sensation Carrefour y Lord Dani 150 g.,"2,05 €",,"13,67 €/kg",,La Despensa,Aperitivos,Patatas Fritas,https://static.carrefour.es/hd_510x_/img_pim_food/302308_00_1.jpg
https://www.carrefour.es/supermercado/agua-de-colonia-bella-aire-de-sevilla-150-ml/R-788373051/p,Agua de colonia Bella Aire de Sevilla 150 ml.,"13,65 €",,"9,10 €/100ml",,Perfumería e Higiene,Baño e Higiene Corporal,Colonias,https://static.carrefour.es/hd_510x_/img_pim_food/781425_00_1.jpg
https://www.carrefour.es/supermercado/bombon-helado-de-chocolate-blanco-simpl-6-ud/R-VC4AECOMM-352543/p,Bombón helado de chocolate blanco Simpl 6 ud.,"2,55 €",,"0,42 €/ud",,,,,https://static.carrefour.es/hd_510x_/img_pim_food/352543_00_1.jpg
https://www.carrefour.es/supermercado/crema-de-queso-brie-president-125-g/R-527031574/p,Crema de queso brie Président 125 g.,"1,92 €",,"15,36 €/kg",,Productos Frescos,Quesos,Crema de queso,https://static.carrefour.es/hd_510x_/img_pim_food/794666_00_1.jpg
https://www.carrefour.es/supermercado/infusion-buenas-noches-con-tila-azahar-hierbaluisa-y-melisa-en-bolsitas-carrefour-30-ud/R-prod690068/p,"Infusión Buenas Noches con tila, azahar, hierbaluisa y melisa en bolsitas Carrefour 30 ud.","1,58 €",,"35,11 €/kg",,La Despensa,Desayuno,Infusiones y Tés,https://static.carrefour.es/hd_510x_/img_pim_food/847128_00_1.jpg
https://www.carrefour.es/supermercado/pipas-de-girasol-saladas-carrefour-140-g/R-659101942/p,Pipas de girasol saladas Carrefour 140 g.,"0,97 €",,"6,93 €/kg",,La Despensa,Aperitivos,Frutos Secos,https://static.carrefour.es/hd_510x_/img_pim_food/310874_00_1.jpg
https://www.carrefour.es/supermercado/sopa-jardinera-classic-carrefour-pack-de-2-unidades-de-80-g/R-VC4AECOMM-057335/p,Sopa jardinera Classic Carrefour pack de 2 unidades de 80 g.,"1,25 €",,"7,81 €/kg",,La Despensa,"Conservas, Sopas y Precocinados","Caldos, Sopas y Pure",https://static.carrefour.es/hd_510x_/img_pim_food/057335_00_1.jpg
https://www.carrefour.es/supermercado/leche-fermentada-liquida-multifrutas-danone-actimel-sin-gluten-pack-de-6-unidades-de-100-g/R-521029671/p,Leche fermentada líquida multifrutas Danone - Actimel sin gluten pack de 6 unidades de 100 g.,"3,79 €",,"6,32 €/kg",,La Despensa,Yogures y Postres,Yogures Líquidos,https://static.carrefour.es/hd_510x_/img_pim_food/549716_00_1.jpg
https://www.carrefour.es/supermercado/colorante-en-champu-castano-medio-just-for-men-30-ml/R-VC4AECOMM-570461/p,Colorante en champú castaño medio Just for Men 30 ml.,"11,89 €",,"39,63 €/100ml",,Parafarmacia,Cabello,Tintes,https://static.carrefour.es/hd_510x_/img_pim_food/570461_00_1.jpg
https://www.carrefour.es/supermercado/gel-corporal-con-aloe-vera-carrefour-soft-300-ml/R-VC4AECOMM-689369/p,Gel corporal con aloe vera Carrefour Soft 300 ml.,"2,89 €",,"0,96 €/100ml",,Perfumería e Higiene,Cuidado y Protección Corporal,"Body Milk, Hidratación Bajo la Ducha",https://static.carrefour.es/hd_510x_/img_pim_food/689369_00_1.jpg
https://www.carrefour.es/supermercado/azafran-en-hebras-carmencita-0375-g/R-521005020/p,"Azafrán en hebras Carmencita 0,375 g","4,59 €",,"4,59 €/ud",,La Despensa,Alimentación,Especias y Sazonadores,https://static.carrefour.es/hd_510x_/img_pim_food/002137_00_1.jpg
https://www.carrefour.es/supermercado/pimientos-del-piquillo-enteros-bajo-contenido-en-sal-carrefour-225-g/R-825606407/p,Pimientos del piquillo enteros bajo contenido en sal Carrefour 225 g.,"2,19 €",,"9,73 €/kg",,La Despensa,"Conservas, Sopas y Precocinados",Conservas de Vegetales,https://static.carrefour.es/hd_510x_/img_pim_food/960075_00_1.jpg
https://www.carrefour.es/supermercado/flan-de-queso-carrefour-sin-gluten-pack-de-4-unidades-de-100-g/R-591002005/p,Flan de queso Carrefour sin gluten pack de 4 unidades de 100 g.,"1,90 €",,"4,75 €/kg",,La Despensa,Yogures y Postres,Flanes,https://static.carrefour.es/hd_510x_/img_pim_food/341244_00_1.jpg
https://www.carrefour.es/supermercado/yogur-sabor-limon-galleta-fresa-y-macedonia-danone-sin-gluten-pack-de-8-unidades-de-120-g/R-521029416/p,"Yogur sabor limón, galleta, fresa y macedonia Danone sin gluten pack de 8 unidades de 120 g.","1,99 €",,"2,07 €/kg",,La Despensa,Yogures y Postres,Yogur Natural y Sabores,https://static.carrefour.es/hd_510x_/img_pim_food/681665_00_1.jpg
https://www.carrefour.es/supermercado/vino-do-ribera-del-duero-tinto-roble-protos-75-cl/R-520662558/p,Protos Tinto Roble 2022,"9,50 €",,"9,50 €/ud",,Bebidas,Vinos,Tinto,https://static.carrefour.es/hd_510x_/img_pim_food/029067_00_1.jpg
https://www.carrefour.es/supermercado/postre-lacteo-de-galleta-desde-6-meses-nestle-yogolino-pack-de-4-unidades-de-100-g/R-VC4AECOMM-496596/p,Postre lácteo de galleta desde 6 meses Nestlé Yogolino pack de 4 unidades de 100 g.,"3,25 €",,"8,12 €/kg",,Bebé,Alimentación infantil,"Postres, Zumos, Petit y Yogures Infantiles",https://static.carrefour.es/hd_510x_/img_pim_food/496596_00_1.jpg
https://www.carrefour.es/supermercado/vino-tinto-crianza-tempranillo-glorioso-doca-rioja-75-cl/R-546003447/p,Glorioso Tinto Crianza 2019,"7,45 €",,"7,45 €/ud",,,,,https://static.carrefour.es/hd_510x_/img_pim_food/013281_00_1.jpg
https://www.carrefour.es/supermercado/lubina-circulo-de-calidad-800-g-aprox/R-prod890052/p,Lubina Círculo de Calidad 800 g aprox,"14,36 €",,,,Productos Frescos,Pescadería,Pescado Fresco,https://static.carrefour.es/hd_510x_/img_pim_food/031145_00_1.jpg
https://www.carrefour.es/supermercado/risotto-al-funghi-carrefour-300-g/R-521031468/p,Risotto al Funghi Carrefour 300 g.,"2,85 €",,"9,50 €/kg",,Congelados,Rebozados y Platos Preparados,,https://static.carrefour.es/hd_510x_/img_pim_food/796739_00_1.jpg
https://www.carrefour.es/supermercado/vino-do-ribera-del-duero-tinto-roble-altos-de-tamaron-caja-de-6x75-cl/R-fprod1260088/p,Caja 6 Bot. Altos De Tamaron Tinto 2022,"37,30 €",,"37,30 €/ud",,Bebidas,Vinos,Tinto,https://static.carrefour.es/hd_510x_/img_pim_food/318319_00_1.jpg
https://www.carrefour.es/supermercado/jabon-liquido-ultra-suave-con-aloe-vera-para-cuerpo-y-cabello-nenuco-1100-ml/R-VC4AECOMM-225784/p,Jabón líquido ultra suave con aloe vera para cuerpo y cabello Nenuco 1100 ml.,"5,29 €",,"0,48 €/100ml",,Bebé,Perfumería e Higiene,Jabón Líquido,https://static.carrefour.es/hd_510x_/img_pim_food/225784_00_1.jpg
https://www.carrefour.es/supermercado/pasta-fideo-n0-gallo-675-g/R-VC4AECOMM-556094/p,Pasta fideo nº0 Gallo 675 g.,"1,99 €",,"2,95 €/kg",,La Despensa,Alimentación,Pastas,https://static.carrefour.es/hd_510x_/img_pim_food/556094_00_1.jpg
https://www.carrefour.es/supermercado/esparragos-verdes-cortos-carretilla-100-g/R-fprod1220253/p,Espárragos verdes cortos Carretilla 100 g.,"3,09 €",,"30,90 €/kg",,La Despensa,"Conservas, Sopas y Precocinados",Conservas de Vegetales,https://static.carrefour.es/hd_510x_/img_pim_food/274748_00_1.jpg
https://www.carrefour.es/supermercado/galletas-finas-chocolate-negro-barquillos-fontaneda-92-g/R-VC4AECOMM-358624/p,Galletas finas chocolate negro barquillos Fontaneda 92 g.,"1,67 €",,"18,15 €/kg",,La Despensa,Desayuno,Galletas,https://static.carrefour.es/hd_510x_/img_pim_food/358624_00_1.jpg
https://www.carrefour.es/supermercado/aceitunas-negras-cacerenas-sin-hueso-carrefour-150-g/R-VC4AECOMM-488032/p,Aceitunas negras Cacereñas sin hueso Carrefour 150 g.,"1,10 €",,"7,33 €/kg",,La Despensa,Aperitivos,Aceitunas y Encurtidos,https://static.carrefour.es/hd_510x_/img_pim_food/488032_00_1.jpg
https://www.carrefour.es/supermercado/perfumador-liquido-marsella-detersolin-720-ml/R-VC4AECOMM-127790/p,Perfumador líquido marsella Detersolín 720 ml.,"5,29 €",,"7,35 €/l",,Limpieza y Hogar,Cuidado de la Ropa,Suavizantes,https://static.carrefour.es/hd_510x_/img_pim_food/127790_00_1.jpg
https://www.carrefour.es/supermercado/ron-flor-de-cana-anejo-clasico-5-anos-70-cl/R-prod810030/p,Ron Flor de Caña añejo clásico 5 años 70 cl.,"16,85 €",,"24,07 €/l",,,,,https://static.carrefour.es/hd_510x_/img_pim_food/627594_00_1.jpg
https://www.carrefour.es/supermercado/lavavajillas-a-maquina-en-pastillas-perfume-limon-todo-en-uno-carrefour-expert-60-ud/R-VC4AECOMM-073743/p,Lavavajillas a máquina en pastillas perfume limón Todo en uno Carrefour Expert 60 ud.,"5,15 €",,"0,09 €/lavado",,Limpieza y Hogar,Productos para Cocina,Lavavajillas a máquina,https://static.carrefour.es/hd_510x_/img_pim_food/073743_00_1.jpg
https://www.carrefour.es/supermercado/limpiacristales-multiusos-expert-carrefour-1-l/R-549001891/p,Limpiacristales multiusos Expert Carrefour 1 l.,"0,99 €",,"0,99 €/l",,Limpieza y Hogar,Productos para toda la casa,Limpiacristales y Multiusos,https://static.carrefour.es/hd_510x_/img_pim_food/254645_00_1.jpg
https://www.carrefour.es/supermercado/gel-de-ducha-frescor-azul-simpl-choice-15l/R-VC4AECOMM-420334/p,"Gel de ducha frescor azul Simpl Choice 1,5L","1,99 €",,"0,19 €/100ml",,Perfumería e Higiene,Baño e Higiene Corporal,Geles de Baño,https://static.carrefour.es/hd_510x_/img_pim_food/420334_00_1.jpg
https://www.carrefour.es/supermercado/bombas-de-jabon-efervescentes-multicolor-idc-institute-pack-de-8-unidades-de-15-g/R-VC4AECOMM-794374/p,Bombas de jabón efervescentes multicolor IDC Institute pack de 8 unidades de 15 g.,"2,45 €",,"2,04 €/100g",,Perfumería e Higiene,Baño e Higiene Corporal,Sales de Baño,https://static.carrefour.es/hd_510x_/img_pim_food/794374_00_1.jpg
https://www.carrefour.es/supermercado/set-2-bayetas-microfibras-vileda-actifibre-soft/R-VC4AECOMM-252550/p,Set 2 Bayetas Microfibras VILEDA Actifibre Soft,"5,15 €",,"5,15 €/ud",,Limpieza y Hogar,Utensilios de Limpieza,Bayetas Microfibra Atrapapolvo,https://static.carrefour.es/hd_510x_/img_pim_food/252550_00_1.jpg
https://www.carrefour.es/supermercado/placas-para-lasana-y-canelones-gallo-sin-gluten-250-g/R-prod231540/p,Placas para lasaña y canelones Gallo sin gluten 250 g.,"3,05 €",,"12,20 €/kg",,La Despensa,Alimentación,Pastas,https://static.carrefour.es/hd_510x_/img_pim_food/284931_00_1.jpg
https://www.carrefour.es/supermercado/brioche-trenzado-la-boulangere-400-g/R-prod520771/p,Brioche trenzado La Boulangère 400 g.,"4,15 €",,"10,37 €/kg",,La Despensa,"Panaderia, Bollería y Pastelería",Bollería,https://static.carrefour.es/hd_510x_/img_pim_food/833660_00_1.jpg
https://www.carrefour.es/supermercado/comida-humeda-mousse-de-salmon-para-gato-adulto-poesie-85-g/R-832204934/p,Comida húmeda mousse de salmón para gato adulto Poesie 85 g.,"0,79 €",,"9,29 €/kg",,Mascotas,Gatos,Pienso para gatos,https://static.carrefour.es/hd_510x_/img_pim_food/967782_00_1.jpg
https://www.carrefour.es/supermercado/sosa-caustica-carrefour-1-kg/R-VC4AECOMM-436699/p,Sosa Caústica Carrefour 1 kg.,"3,79 €",,"3,79 €/kg",,Limpieza y Hogar,Productos para Baño,Limpiadores Antical Baño,https://static.carrefour.es/hd_510x_/img_pim_food/436699_00_1.jpg
https://www.carrefour.es/supermercado/agua-de-colonia-soul-of-cities-women-02-new-york-les-cosmetiques-100-ml/R-VC4AECOMM-305954/p,Agua de colonia Soul Of Cities Women 02. New York Les Cosmétiques 100 ml.,"8,39 €",,"8,39 €/100ml",,Perfumería e Higiene,Baño e Higiene Corporal,Colonias,https://static.carrefour.es/hd_510x_/img_pim_food/305954_00_1.jpg
https://www.carrefour.es/supermercado/cafe-soluble-descafeinado-creme-express-marcilla-200-g/R-521003075/p,Café soluble descafeinado créme express Marcilla 200 g.,"10,45 €",,"52,25 €/kg",,La Despensa,Desayuno,Cafés,https://static.carrefour.es/hd_510x_/img_pim_food/224596_00_1.jpg
https://www.carrefour.es/supermercado/maquinilla-para-mujer-sistema-suavidad-sublime-3-hojas-carrefour-soft-1-ud/R-VC4AECOMM-484567/p,Maquinilla para mujer sistema suavidad sublime 3 hojas Carrefour Soft 1 ud.,"5,35 €",,"5,35 €/ud",,Perfumería e Higiene,Depilación y Afeitado,Maquinillas y Recambios,https://static.carrefour.es/hd_510x_/img_pim_food/484567_00_1.jpg
https://www.carrefour.es/supermercado/cake-marble-carrefour-el-mercado-550-g/R-prod130045/p,Cake Marble Carrefour El Mercado 550 g,"3,75 €",,"6,82 €/kg",,Productos Frescos,Panadería Tradicional,Bollería Tradicional,https://static.carrefour.es/hd_510x_/img_pim_food/229767_00_1.jpg
https://www.carrefour.es/supermercado/velita-de-chorizo-iberico-de-cebo-50-raza-iberico-valturra-ibericos-200-g/R-VC4AECOMM-654034/p,Velita de chorizo ibérico de cebo 50% raza ibérico Valturra Ibéricos 200 g,"2,99 €",,"14,95 €/kg",,Productos Frescos,Charcutería,"Chorizo, Lomo y Otros",https://static.carrefour.es/hd_510x_/img_pim_food/654034_00_1.jpg
https://www.carrefour.es/supermercado/pizza-4-quesos-carrefour-340-g/R-prod600079/p,Pizza 4 quesos Carrefour 340 g.,"2,06 €",,"6,06 €/kg",,Congelados,Pizzas Congeladas,,https://static.carrefour.es/hd_510x_/img_pim_food/841129_00_1.jpg
https://www.carrefour.es/supermercado/complemento-alimenticio-l-carnitine-prozis-60-ud/R-prod670302/p,Complemento alimenticio L-Carnitine Prozis 60 ud.,"8,69 €",,"17,04 €/100g",,La Despensa,Alimentación,Nutrición deportiva,https://static.carrefour.es/hd_510x_/img_pim_food/845844_00_1.jpg
https://www.carrefour.es/supermercado/desodorante-roll-on-ph5-para-pieles-sensibles-eucerin-pack-de-2-unidades-de-50-ml/R-589706222/p,Desodorante roll on pH5 para pieles sensibles Eucerin pack de 2 unidades de 50 ml.,"10,35 €",,"10,35 €/100ml",,Parafarmacia,Cuidado corporal,Desodorantes,https://static.carrefour.es/hd_510x_/img_pim_food/150057_00_1.jpg
https://www.carrefour.es/supermercado/lentejas-cocidas-categoria-extra-carrefour-400-g/R-521005501/p,Lentejas cocidas categoría extra Carrefour 400 g.,"0,84 €",,"2,10 €/kg",,La Despensa,Alimentación,Legumbres,https://static.carrefour.es/hd_510x_/img_pim_food/686242_00_1.jpg
https://www.carrefour.es/supermercado/whisky-four-roses-bourbon-70-cl/R-520662278/p,Whisky Four Roses bourbon 70 cl.,"18,85 €",,"26,93 €/l",,Bebidas,Alcoholes,Whisky y Bourbon,https://static.carrefour.es/hd_510x_/img_pim_food/000319_00_1.jpg
https://www.carrefour.es/supermercado/nachos-redondos-375-g/R-527063216/p,Nachos redondos 375 g,"4,00 €",,"4,00 €/ud",,La Despensa,Aperitivos,Snacks,https://static.carrefour.es/hd_510x_/img_pim_food/792123_00_1.jpg
https://www.carrefour.es/supermercado/tinte-de-cabello-permanente-sin-amoniaco-tono-51-castano-claro-revlon-colorsilk-1-ud/R-826435180/p,Tinte de cabello permanente sin amoniaco tono 51 castaño claro Revlon Colorsilk 1 ud.,"4,15 €",,"4,15 €/ud",,Perfumería e Higiene,Cabello,Tinte,https://static.carrefour.es/hd_510x_/img_pim_food/927365_00_1.jpg
https://www.carrefour.es/supermercado/tonica-royal-bliss-yuzu-botella-20-cl/R-prod1022331/p,Tónica Royal Bliss yuzu botella 20 cl.,"1,21 €",,"6,05 €/l",,Bebidas,Refrescos,Tónica,https://static.carrefour.es/hd_510x_/img_pim_food/098828_00_1.jpg
https://www.carrefour.es/supermercado/pastillas-de-regaliz-juanola-sin-gluten-sin-lactosa-6-g/R-590508220/p,Pastillas de regaliz Juanola sin gluten sin lactosa 6 g.,"2,25 €",,"37,50 €/100g",,Parafarmacia,Botiquín,Tos y Garganta,https://static.carrefour.es/hd_510x_/img_pim_food/551305_00_1.jpg
https://www.carrefour.es/supermercado/caramelos-sabor-fresa-smint-pack-de-2-paquetes-de-50-ud/R-677701699/p,Caramelos sabor fresa Smint pack de 2 paquetes de 50 ud.,"4,05 €",,"57,86 €/kg",,La Despensa,Dulce,Dulces y Golosinas,https://static.carrefour.es/hd_510x_/img_pim_food/044021_00_1.jpg
https://www.carrefour.es/supermercado/bebida-de-avena-calcio-sin-azucar-anadido-carrefour-brik-1-l/R-VC4AECOMM-554220/p,Bebida de avena calcio sin azucar añadido Carrefour brik 1 l.,"0,83 €",,"0,83 €/l",,La Despensa,Lácteos,Bebida Vegetal,https://static.carrefour.es/hd_510x_/img_pim_food/554220_00_1.jpg
https://www.carrefour.es/supermercado/dentifrico-anticaries-triple-action-extra-fresh-colgate-75-ml/R-prod820040/p,Dentífrico anticaries Triple Action Extra Fresh Colgate 75 ml.,"2,85 €",,"3,80 €/100ml",,Perfumería e Higiene,Boca y Sonrisa,Dentífricos,https://static.carrefour.es/hd_510x_/img_pim_food/250294_00_1.jpg
https://www.carrefour.es/supermercado/desodorante-en-spray-antitranspirante-original-proteccion-72h-advanced-care-dove-pack-de-2-unidades-de-200-ml/R-VC4AECOMM-259756/p,Desodorante en spray antitranspirante original protección 72h Advanced Care Dove pack de 2 unidades de 200 ml.,"5,59 €",,"1,40 €/100ml",,Perfumería e Higiene,Baño e Higiene Corporal,Desodorantes,https://static.carrefour.es/hd_510x_/img_pim_food/259756_00_1.jpg
https://www.carrefour.es/supermercado/nocco-bcaa-bebida-energetica-blood-orange-sin-azucar-lata-33-cl/R-VC4AECOMM-694706/p,Nocco BCAA Bebida Energética blood orange sin azúcar lata 33 cl.,"1,95 €",,"5,91 €/l",,Bebidas,Refrescos,Energéticas,https://static.carrefour.es/hd_510x_/img_pim_food/694706_00_1.jpg
https://www.carrefour.es/supermercado/salami-en-canitas-espuna-50-g/R-804270077/p,Salami en cañitas Espuña 50 g,"1,69 €",,"33,80 €/kg",,Productos Frescos,Charcutería,"Salchichón, Salami y Fuet",https://static.carrefour.es/hd_510x_/img_pim_food/915804_00_1.jpg
https://www.carrefour.es/supermercado/yogur-cremoso-con-melocoton-y-maracuya-carrefour-sensation-sin-gluten-500-g/R-VC4AECOMM-017703/p,Yogur cremoso con melocotón y maracuyá Carrefour Sensation sin gluten 500 g.,"1,15 €",,"2,30 €/kg",,La Despensa,Yogures y Postres,Yogur Natural y Sabores,https://static.carrefour.es/hd_510x_/img_pim_food/017703_00_1.jpg
https://www.carrefour.es/supermercado/tomate-frito-carrefour-pack-de-2-tarros-de-550-g/R-prod970377/p,Tomate frito Carrefour pack de 2 tarros de 550 g.,"1,61 €",,"1,46 €/kg",,La Despensa,Alimentación,Salsas y Tomate Frito,https://static.carrefour.es/hd_510x_/img_pim_food/054582_00_1.jpg
https://www.carrefour.es/supermercado/enjuague-bucal-especial-encias-gingikin-1-l/R-prod271404/p,Enjuague bucal especial encías Gingikin 1 l.,"15,55 €",,"1,56 €/100ml",,Parafarmacia,Higiene Bucal,Colutorio,https://static.carrefour.es/hd_510x_/img_pim_food/304128_00_1.jpg
https://www.carrefour.es/supermercado/ajo-blanco-extra-de-chinchon-500-g/R-600709244/p,Ajo blanco extra de Chinchón 500 g,"2,54 €",,"5,08 €/kg",,Productos Frescos,Verduras y hortalizas,"Patatas, Cebollas y Ajos",https://static.carrefour.es/hd_510x_/img_pim_food/505485_00_1.jpg
https://www.carrefour.es/supermercado/cerveza-ambar-00-sin-alcohol-sin-gluten-botella-33-cl/R-639802030/p,"Cerveza Ambar 0,0 sin alcohol sin gluten botella 33 cl.","1,43 €",,"4,33 €/l",,Bebidas,Cerveza,Sin Alcohol,https://static.carrefour.es/hd_510x_/img_pim_food/807536_00_1.jpg
https://www.carrefour.es/supermercado/limpia-maquinas-intensivo-duo-power-experts-somat-250-ml/R-551303149/p,Limpia máquinas intensivo Duo Power Experts Somat 250 ml.,"4,19 €",,"16,76 €/l",,Limpieza y Hogar,Productos para Cocina,Aditivos y limpiamáquinas,https://static.carrefour.es/hd_510x_/img_pim_food/240809_00_1.jpg
https://www.carrefour.es/supermercado/2-guantes-especial-lejia-de-nitrilo-carrefour-m-verde/R-818900252/p,2 Guantes especial lejía de Nitrilo Carrefour M - Verde,"2,15 €",,"2,15 €/ud",,Limpieza y Hogar,Utensilios de Limpieza,Guantes,https://static.carrefour.es/hd_510x_/img_pim_food/947080_00_1.jpg
https://www.carrefour.es/supermercado/chupete-con-tetina-anatomica-sx-pro-de-silicona-6-18-meses-suavinex-2-ud/R-VC4AECOMM-625883/p,Chupete con tetina anatómica SX Pro de silicona 6-18 meses Suavinex 2 ud.,"7,85 €",,"3,92 €/ud",,Parafarmacia,Bebé,Puericultura,https://static.carrefour.es/hd_510x_/img_pim_food/625883_00_1.jpg
https://www.carrefour.es/supermercado/refresco-sabor-limon-zero-carrefour-classic-botella-2-l/R-prod1120329/p,Refresco sabor limón Zero Carrefour Classic' botella 2 l.,"0,85 €",,"0,42 €/l",,Bebidas,Refrescos,Sabores con Gas,https://static.carrefour.es/hd_510x_/img_pim_food/778546_00_1.jpg
https://www.carrefour.es/supermercado/cerveza-corona-pack-de-10-botellas-de-355-cl/R-840026788/p,"Cerveza Corona pack de 10 botellas de 35,5 cl.","14,79 €",,"4,17 €/l",,Bebidas,Cerveza,Rubia,https://static.carrefour.es/hd_510x_/img_pim_food/977592_00_1.jpg
https://www.carrefour.es/supermercado/cepillo-interdental-fino-carrefour-soft-5-ud/R-555105987/p,Cepillo interdental fino Carrefour Soft 5 ud.,"1,38 €",,"0,28 €/ud",,Perfumería e Higiene,Boca y Sonrisa,"Cepillos, Recambios y Accesorios",https://static.carrefour.es/hd_510x_/img_pim_food/261787_00_1.jpg
https://www.carrefour.es/supermercado/cafe-bombon-con-leche-condensada-en-capsulas-origen-sensations-compatible-con-dolce-gusto-10-unidades-de-28-g/R-prod1150142/p,Café bombón con leche condensada en cápsulas Origen & Sensations compatible con Dolce Gusto 10 unidades de 28 g.,"4,99 €",,"17,82 €/kg",,La Despensa,Desayuno,Cafés,https://static.carrefour.es/hd_510x_/img_pim_food/203541_00_1.jpg
https://www.carrefour.es/supermercado/lomo-de-salmon-carrefour-3x100-g/R-820613818/p,Lomo de salmón Carrefour 3x100 g,"9,95 €",,"33,17 €/kg",,Congelados,Pescados Congelados,,https://static.carrefour.es/hd_510x_/img_pim_food/951180_00_1.jpg
https://www.carrefour.es/supermercado/guisantes-salteados-con-jamon-findus-230-g/R-VC4AECOMM-435343/p,Guisantes salteados con jamón Findus 230 g.,"2,19 €",,"9,52 €/kg",,Congelados,Salteados Congelados,,https://static.carrefour.es/hd_510x_/img_pim_food/435343_00_1.jpg
https://www.carrefour.es/supermercado/tinta-rapida-calzado-negra-bufalo-25-ml/R-521002227/p,Tinta rápida calzado negra Búfalo 25 ml.,"3,59 €",,"143,60 €/l",,Limpieza y Hogar,Calzado,Limpiador Líquido,https://static.carrefour.es/hd_510x_/img_pim_food/028806_00_1.jpg
https://www.carrefour.es/supermercado/queso-fresco-protein-plus-burgo-de-arias-sin-gluten-pack-3-unidades-de-70-g/R-VC4AECOMM-154444/p,Queso fresco protein plus Burgo de Arias sin gluten pack 3 unidades de 70 g.,"2,19 €",,"10,43 €/kg",,Productos Frescos,Quesos,Queso Fresco,https://static.carrefour.es/hd_510x_/img_pim_food/154444_00_1.jpg
https://www.carrefour.es/supermercado/carpaccio-de-vacuno-marinado-roler-110-g/R-607219906/p,Carpaccio de vacuno marinado Roler 110 g,"3,85 €",,"35,00 €/kg",,Productos Frescos,Carnicería,Vacuno,https://static.carrefour.es/hd_510x_/img_pim_food/393681_00_1.jpg
https://www.carrefour.es/supermercado/dietetico/R-VC4AECOMM-177306/p,DIETETICO,"7,25 €",,"557,69 €/kg",,La Despensa,Alimentación,Vitaminas y Complementos,https://static.carrefour.es/hd_510x_/img_pim_food/177306_00_1.jpg
https://www.carrefour.es/supermercado/cepillo-dental-suave-phb-2-ud/R-VC4AECOMM-337699/p,Cepillo dental suave PHB 2 ud.,"7,09 €",,"3,54 €/ud",,Parafarmacia,Higiene Bucal,Cepillos y Seda,https://static.carrefour.es/hd_510x_/img_pim_food/337699_00_1.jpg
https://www.carrefour.es/supermercado/gel-de-ducha-cuidado-nutritivo-aceite-de-argan-advanced-care-dove-600-ml/R-VC4AECOMM-376581/p,Gel de ducha cuidado nutritivo aceite de argán Advanced Care Dove 600 ml.,"7,29 €",,"1,21 €/100ml",,Perfumería e Higiene,Baño e Higiene Corporal,Geles de Baño,https://static.carrefour.es/hd_510x_/img_pim_food/376581_00_1.jpg
https://www.carrefour.es/supermercado/panecillo-100-integral-6-ud/R-VC4AECOMM-498739/p,Panecillo 100% integral 6 ud.,"1,07 €",,"0,18 €/ud",,Productos Frescos,Panadería Tradicional,Pan Tradicional,https://static.carrefour.es/hd_510x_/img_pim_food/498739_00_1.jpg
https://www.carrefour.es/supermercado/pimientos-de-piquillo-asados-carrefour-350-g/R-prod270250/p,Pimientos de piquillo asados Carrefour 350 g.,"1,85 €",,"5,29 €/kg",,La Despensa,"Conservas, Sopas y Precocinados",Conservas de Vegetales,https://static.carrefour.es/hd_510x_/img_pim_food/090367_00_1.jpg
https://www.carrefour.es/supermercado/serum-hidratante-revitalizador-sin-perfume-niacinamida-24-vitamina-e-olay-40-ml/R-VC4AECOMM-067891/p,Sérum hidratante revitalizador sin perfume Niacinamida 24 + Vitamina E Olay 40 ml.,"33,90 €",,"84,75 €/100ml",,Perfumería e Higiene,Cuidado y Protección Corporal,Piel,https://static.carrefour.es/hd_510x_/img_pim_food/067891_00_1.jpg
https://www.carrefour.es/supermercado/pollo-teriyaki-con-arroz-ta-tung-250-g/R-VC4AECOMM-347889/p,Pollo teriyaki con arroz Ta-Tung 250 g.,"4,29 €",,"17,16 €/kg",,La Despensa,"Conservas, Sopas y Precocinados",Masa Fresca y Bases,https://static.carrefour.es/hd_510x_/img_pim_food/347889_00_1.jpg
https://www.carrefour.es/supermercado/cava-codorniu-semiseco-ecologico-75-cl/R-520662225/p,Cava Codorníu semiseco ecológico 75 cl.,"7,69 €",,"7,69 €/ud",,Bebidas,Cava y champagne,Cavas,https://static.carrefour.es/hd_510x_/img_pim_food/000253_00_1.jpg
https://www.carrefour.es/supermercado/detergente-en-liquido-azul-wipp-express-43-lavados/R-VC4AECOMM-179216/p,Detergente en líquido azul Wipp Express 43 lavados.,"14,15 €",,"0,33 €/lavado",,Limpieza y Hogar,Cuidado de la Ropa,Detergentes,https://static.carrefour.es/hd_510x_/img_pim_food/179216_00_1.jpg
https://www.carrefour.es/supermercado/leche-infantil-de-continuacion-desde-los-6-meses-en-polvo-nestle-nidina-2-lata-800-g/R-521002286/p,Leche infantil de continuación desde los 6 meses en polvo Nestlé Nidina 2 lata 800 g.,"17,89 €",,"22,36 €/kg",,Bebé,Alimentación infantil,Leches Infantiles,https://static.carrefour.es/hd_510x_/img_pim_food/795596_00_1.jpg
https://www.carrefour.es/supermercado/ron-capitan-morgan-spiced-gold-70-cl/R-774909679/p,Ron Capitán Morgan spiced gold 70 cl.,"15,29 €",,"21,84 €/l",,,,,https://static.carrefour.es/hd_510x_/img_pim_food/777180_00_1.jpg
https://www.carrefour.es/supermercado/acelga-roja-manojo-de-800-g/R-prod68754/p,Acelga roja manojo de 800 g,"2,03 €",,"2,54 €/kg",,Productos Frescos,Verduras y hortalizas,Hortalizas,https://static.carrefour.es/hd_510x_/img_pim_food/983156_00_1.jpg
https://www.carrefour.es/supermercado/chocolate-negro-con-menta-selection-carrefour-100-g/R-760342239/p,Chocolate negro con menta Selection Carrefour 100 g.,"1,67 €",,"16,70 €/kg",,,,,https://static.carrefour.es/hd_510x_/img_pim_food/761743_00_1.jpg
https://www.carrefour.es/supermercado/crema-autobrillante-c-aplicador-marron-carrefour-50-ml/R-613004222/p,Crema autobrillante c/aplicador marrón Carrefour 50 ml.,"2,09 €",,"41,80 €/l",,Limpieza y Hogar,Calzado,Crema,https://static.carrefour.es/hd_510x_/img_pim_food/360578_00_1.jpg
https://www.carrefour.es/supermercado/preparado-lacteo-infantil-de-crecimiento-desde-12-meses-en-polvo-nestle-nidina-3-lata-800-g/R-521009516/p,Preparado lácteo infantil de crecimiento desde 12 meses en polvo Nestlé Nidina 3 lata 800 g.,"17,89 €",,"22,36 €/kg",,Bebé,Alimentación infantil,Leches Infantiles,https://static.carrefour.es/hd_510x_/img_pim_food/795600_00_1.jpg
https://www.carrefour.es/supermercado/pizza-vegetariana-de-verduras-asadas-y-queso-curado-campofrio-vegalia-360-g/R-prod810310/p,Pizza vegetariana de verduras asadas y queso curado Campofrío Vegalia 360 g.,"3,35 €",,"9,31 €/kg",,La Despensa,"Conservas, Sopas y Precocinados",Pizzas,https://static.carrefour.es/hd_510x_/img_pim_food/068126_00_1.jpg
https://www.carrefour.es/supermercado/mermelada-de-fresa-diet-la-vieja-fabrica-sin-gluten-280-g/R-757607321/p,Mermelada de fresa Diet La Vieja Fábrica sin gluten 280 g.,"2,99 €",,"10,68 €/kg",,La Despensa,Dulce,"Mermeladas, Membrillos y Compotas",https://static.carrefour.es/hd_510x_/img_pim_food/766636_00_1.jpg
https://www.carrefour.es/supermercado/kefir-desnatado-liquido-natural-nestle-500-g/R-VC4AECOMM-213013/p,Kéfir desnatado líquido natural Nestlé 500 g.,"2,15 €",,"4,30 €/kg",,La Despensa,Yogures y Postres,Yogures Líquidos,https://static.carrefour.es/hd_510x_/img_pim_food/213013_00_1.jpg
https://www.carrefour.es/supermercado/kombucha-pina-colada-ecologico-komvida-25-cl/R-VC4AECOMM-045881/p,Kombucha piña colada ecológico Komvida 25 cl.,"2,79 €",,"11,16 €/l",,Bebidas,Refrescos,Kombucha,https://static.carrefour.es/hd_510x_/img_pim_food/045881_00_1.jpg
https://www.carrefour.es/supermercado/palomitas-al-punto-de-sal-ecologicas-popitas-sin-gluten-pack-de-3-unidades-de-80-g/R-fprod1460246/p,Palomitas al punto de sal ecológicas Popitas sin gluten pack de 3 unidades de 80 g.,"3,39 €",,"14,13 €/kg",,La Despensa,Aperitivos,Palomitas,https://static.carrefour.es/hd_510x_/img_pim_food/394918_00_1.jpg
https://www.carrefour.es/supermercado/mayonesa-sabor-casero-calve-sin-lactosa-envase-430-ml/R-VC4AECOMM-489504/p,Mayonesa sabor casero Calvé sin lactosa envase 430 ml.,"2,59 €",,"6,02 €/l",,La Despensa,Alimentación,Salsas y Tomate Frito,https://static.carrefour.es/hd_510x_/img_pim_food/489504_00_1.jpg
https://www.carrefour.es/supermercado/pants-para-incontinencia-talla-l-plus-tena-14-ud/R-521010882/p,Pants para incontinencia talla L plus Tena 14 ud.,"20,40 €",,"1,46 €/ud",,Perfumería e Higiene,Higiene íntima,Incontinencia,https://static.carrefour.es/hd_510x_/img_pim_food/504117_00_1.jpg
https://www.carrefour.es/supermercado/queso-de-cabra-tierno-ecologico-arte-y-sabor-300-g/R-VC4AECOMM-712128/p,Queso de cabra tierno ecológico Arte y Sabor 300 g,"8,56 €",,"28,53 €/kg",,Productos Frescos,Quesos,Todos los Quesos,https://static.carrefour.es/hd_510x_/img_pim_food/712128_00_1.jpg
https://www.carrefour.es/supermercado/chapatta-cristal-kornspitz-2-unidades-de-93-g/R-VC4AECOMM-493485/p,Chapatta cristal kornspitz 2 unidades de 93 g,"1,99 €",,"8,65 €/kg",,Productos Frescos,Panadería Tradicional,Pan Tradicional,https://static.carrefour.es/hd_510x_/img_pim_food/493485_00_1.jpg
https://www.carrefour.es/supermercado/chorizo-extra-dulce-de-leon-palcarsa-325-g/R-prod180089/p,Chorizo Extra Dulce de León Palcarsa 325 g,"5,39 €",,"16,58 €/kg",,Productos Frescos,Charcutería,"Chorizo, Lomo y Otros",https://static.carrefour.es/hd_510x_/img_pim_food/262970_00_1.jpg
https://www.carrefour.es/supermercado/mejillon-gallego-cocido-circulo-de-calidad-1-kg/R-522714049/p,Mejillón Gallego cocido Círculo de Calidad 1 kg,"5,69 €",,"5,69 €/kg",,Productos Frescos,Pescadería,"Marisco, Almejas y Mejillones",https://static.carrefour.es/hd_510x_/img_pim_food/397796_00_1.jpg
https://www.carrefour.es/supermercado/recambios-cabezales-cepillo-electrico-pro-sensitive-clean-oral-b-6-ud/R-VC4AECOMM-052321/p,Recambios cabezales cepillo eléctrico Pro Sensitive Clean Oral-B 6 ud.,"24,50 €",,"4,08 €/ud",,Perfumería e Higiene,Boca y Sonrisa,"Cepillos, Recambios y Accesorios",https://static.carrefour.es/hd_510x_/img_pim_food/052321_00_1.jpg
https://www.carrefour.es/supermercado/arroz-basmati-para-microondas-classic-carrefour-sin-gluten-pack-de-2-unidades-de-125-g/R-VC4AECOMM-099191/p,Arroz basmati para microondas Classic Carrefour sin gluten pack de 2 unidades de 125 g.,"1,15 €",,"4,60 €/kg",,La Despensa,Alimentación,Arroz y Cous Cous,https://static.carrefour.es/hd_510x_/img_pim_food/099191_00_1.jpg
https://www.carrefour.es/supermercado/galleta-cookie-doble-chocolate-1-ud/R-VC4AECOMM-337536/p,Galleta cookie doble chocolate 1 ud.,"1,05 €",,"1,05 €/ud",,Productos Frescos,Panadería Tradicional,Bollería Tradicional,https://static.carrefour.es/hd_510x_/img_pim_food/337536_00_1.jpg
https://www.carrefour.es/supermercado/croissant-mini-banados-al-cacao-classic-carrefour-150-g/R-VC4AECOMM-572655/p,Croissant mini bañados al cacao Classic' Carrefour 150 g.,"1,50 €",,"10,00 €/kg",,La Despensa,"Panaderia, Bollería y Pastelería",Bollería,https://static.carrefour.es/hd_510x_/img_pim_food/572655_00_1.jpg
https://www.carrefour.es/supermercado/harina-de-maiz-fina-maizena-sin-gluten-700-g/R-522713657/p,Harina de maíz fina Maizena sin gluten 700 g.,"4,79 €",,"6,84 €/kg",,La Despensa,Alimentación,Harinas y Levaduras,https://static.carrefour.es/hd_510x_/img_pim_food/002052_00_1.jpg
https://www.carrefour.es/supermercado/contramuslo-de-pollo-carrefour-1-kg-aprox/R-prod68072/p,Contramuslo de pollo Carrefour 1 kg aprox,"4,09 €","3,45 €","4,09 €/kg","3,45 €/kg",Productos Frescos,Carnicería,Aves y Pollo,https://static.carrefour.es/hd_510x_/img_pim_food/961476_00_1.jpg
https://www.carrefour.es/supermercado/tortitas-de-arroz-integrales-con-chocolate-blanco-aroma-yogur-carrefour-130-g/R-602801602/p,Tortitas de arroz integrales con chocolate blanco aroma yogur Carrefour 130 g.,"1,84 €",,"14,15 €/kg",,La Despensa,Aperitivos,Tortitas,https://static.carrefour.es/hd_510x_/img_pim_food/371222_00_1.jpg
https://www.carrefour.es/supermercado/bloque-vegano-estilo-griego-violife-sin-gluten-y-sin-lactosa-200-g/R-VC4AECOMM-702245/p,Bloque vegano estilo griego Violife sin gluten y sin lactosa 200 g.,"4,65 €",,"23,25 €/kg",,Productos Frescos,Quesos,Todos los Quesos,https://static.carrefour.es/hd_510x_/img_pim_food/702245_00_1.jpg
https://www.carrefour.es/supermercado/morcilla-asturiana-el-chico-250-g/R-VC4AECOMM-110409/p,Morcilla Asturiana El Chico 250 g,"2,49 €",,"9,96 €/kg",,Productos Frescos,Carnicería,Embutidos Frescos,https://static.carrefour.es/hd_510x_/img_pim_food/110409_00_1.jpg
https://www.carrefour.es/supermercado/salsa-ragu-a-la-bolonesa-rummo-340-g/R-VC4AECOMM-687070/p,Salsa ragú a la boloñesa Rummo 340 g.,"5,35 €",,"15,74 €/kg",,La Despensa,Alimentación,Salsas y Tomate Frito,https://static.carrefour.es/hd_510x_/img_pim_food/687070_00_1.jpg
https://www.carrefour.es/supermercado/sazonador-para-burritos-old-el-paso-45-g/R-526204881/p,Sazonador para burritos Old El Paso 45 g.,"1,50 €",,"33,33 €/kg",,La Despensa,Alimentación,Especias y Sazonadores,https://static.carrefour.es/hd_510x_/img_pim_food/358115_00_1.jpg
https://www.carrefour.es/supermercado/yogur-liquido-de-fresa-carrefour-classic-pack-de-12-unidades-de-100-g/R-VC4AECOMM-437957/p,Yogur líquido de fresa Carrefour Classic' pack de 12 unidades de 100 g.,"1,99 €",,"1,66 €/kg",,La Despensa,Yogures y Postres,Yogures Líquidos,https://static.carrefour.es/hd_510x_/img_pim_food/437957_00_1.jpg
https://www.carrefour.es/supermercado/atun-claro-al-natural-carrefour-pack-de-6-latas-de-56-g/R-prod620143/p,Atún claro al natural Carrefour pack de 6 latas de 56 g.,"3,79 €",,"11,28 €/kg",,La Despensa,"Conservas, Sopas y Precocinados",Conservas de Pescado y Marisco,https://static.carrefour.es/hd_510x_/img_pim_food/841527_00_1.jpg
https://www.carrefour.es/supermercado/granini-limonada-con-sandia-botella-1-l/R-VC4AECOMM-358348/p,Granini limonada con sandia botella 1 l.,"2,35 €",,"2,35 €/l",,Bebidas,Refrescos,Sabores sin Gas,https://static.carrefour.es/hd_510x_/img_pim_food/358348_00_1.jpg
https://www.carrefour.es/supermercado/pizza-prosciutto-ristorante-dr-oetker-sin-gluten-sin-lactosa-345-g/R-855700432/p,Pizza prosciutto Ristorante Dr. Oetker sin gluten sin lactosa 345 g.,"4,79 €",,"13,88 €/kg",,Congelados,Pizzas Congeladas,,https://static.carrefour.es/hd_510x_/img_pim_food/088324_00_1.jpg
https://www.carrefour.es/supermercado/limpiahogar-multisuperficies-perfume-limon-carrefour-15-l/R-VC4AECOMM-478649/p,"Limpiahogar multisuperficies perfume limón Carrefour 1,5 l.","1,49 €",,"0,99 €/l",,Limpieza y Hogar,Productos para toda la casa,Suelos,https://static.carrefour.es/hd_510x_/img_pim_food/478649_00_1.jpg
https://www.carrefour.es/supermercado/tortitas-de-arroz-sin-sal-anadida-ecologicas-ecocesta-sin-gluten-115-g/R-758202762/p,Tortitas de arroz sin sal añadida ecológicas Ecocesta sin gluten 115 g.,"1,65 €",,"14,35 €/kg",,La Despensa,Aperitivos,Tortitas,https://static.carrefour.es/hd_510x_/img_pim_food/767183_00_1.jpg
https://www.carrefour.es/supermercado/tinte-80-rubio-claro-garnier-olia-1-ud/R-684403582/p,Tinte 8.0 Rubio Claro Garnier Olia 1 ud.,"8,35 €",,"8,35 €/ud",,Perfumería e Higiene,Cabello,Tinte,https://static.carrefour.es/hd_510x_/img_pim_food/073470_00_1.jpg
https://www.carrefour.es/supermercado/crema-de-manos-nutritiva-para-pieles-maduras-y-secas-q10-carrefour-100-ml/R-prod870015/p,Crema de manos nutritiva para pieles maduras y secas Q10 Carrefour 100 ml.,"1,73 €",,"1,73 €/100ml",,Perfumería e Higiene,Cuidado y Protección Corporal,Piel,https://static.carrefour.es/hd_510x_/img_pim_food/000226_00_1.jpg
https://www.carrefour.es/supermercado/muffin-de-halloween-carrot-2-ud/R-VC4AECOMM-497425/p,Muffin de Halloween Carrot 2 ud.,"2,95 €",,"1,47 €/ud",,Productos Frescos,Panadería Tradicional,Bollería Tradicional,https://static.carrefour.es/hd_510x_/img_pim_food/497425_00_1.jpg
https://www.carrefour.es/supermercado/bacalao-ahumado-carrefour-extra-80-g/R-521033080/p,Bacalao ahumado Carrefour Extra 80 g.,"4,35 €",,"54,37 €/kg",,Productos Frescos,Pescadería,Ahumados y Huevas,https://static.carrefour.es/hd_510x_/img_pim_food/708300_00_1.jpg
https://www.carrefour.es/supermercado/picos-de-pan-con-aceite-de-oliva-classic-carrefour-sin-gluten-y-sin-lactosa-100-g/R-prod1022832/p,Picos de pan con aceite de oliva Classic Carrefour sin gluten y sin lactosa 100 g.,"1,74 €",,"17,40 €/kg",,La Despensa,"Panaderia, Bollería y Pastelería","Colines, picos y crakers",https://static.carrefour.es/hd_510x_/img_pim_food/102766_00_1.jpg
https://www.carrefour.es/supermercado/film-transparente-albal-30-metros/R-551303125/p,Film transparente Albal 30 metros.,"2,55 €",,"0,09 €/m",,Limpieza y Hogar,Conservación de Alimentos,Film Transparente,https://static.carrefour.es/hd_510x_/img_pim_food/240597_00_1.jpg
https://www.carrefour.es/supermercado/cafe-cappuccino-light-en-capsulas-nescafe-dolce-gusto-16-ud/R-664502088/p,Café cappuccino light en cápsulas Nescafé Dolce Gusto 16 ud.,"4,89 €",,"30,37 €/kg",,,,,https://static.carrefour.es/hd_510x_/img_pim_food/113313_00_1.jpg
https://www.carrefour.es/supermercado/arroz-tres-delicias-con-pollo-asiatiko-260-g/R-VC4AECOMM-379346/p,Arroz tres delicias con pollo Asiatiko 260 g.,"3,39 €",,"13,04 €/kg",,La Despensa,"Conservas, Sopas y Precocinados",Platos Preparados,https://static.carrefour.es/hd_510x_/img_pim_food/379346_00_1.jpg
https://www.carrefour.es/supermercado/complemento-alimenticio-con-jalea-real-vitaminas-y-hierro-en-ampollas-revital-vitaminado-forte-1500-20-ud/R-590511208/p,"Complemento alimenticio con jalea real, vitaminas y hierro en ampollas Revital Vitaminado Forte 1500 20 ud.","18,15 €",,"9,07 €/100ml",,Parafarmacia,Nutrición y Dietética,Complementos Vitamínicos,https://static.carrefour.es/hd_510x_/img_pim_food/760622_00_1.jpg
https://www.carrefour.es/supermercado/salsa-pesto-gallo-sin-gluten-tarro-190-g/R-804323960/p,Salsa pesto Gallo sin gluten tarro 190 g.,"2,69 €",,"14,16 €/kg",,La Despensa,Alimentación,Salsas y Tomate Frito,https://static.carrefour.es/hd_510x_/img_pim_food/912967_00_1.jpg
https://www.carrefour.es/supermercado/lavavajillas-a-mano-con-aloe-vera-y-vitamina-e-mistol-950-ml/R-VC4AECOMM-385567/p,Lavavajillas a mano con aloe vera y vitamina E Mistol 950 ml.,"3,35 €",,"3,53 €/l",,Limpieza y Hogar,Productos para Cocina,Lavavajillas a Mano,https://static.carrefour.es/hd_510x_/img_pim_food/385567_00_1.jpg
https://www.carrefour.es/supermercado/magnesio-vitamina-b6-en-comprimidos-h4u-sin-gluten-60-ud/R-VC4AECOMM-235867/p,Magnesio + vitamina B6 en comprimidos H4U sin gluten 60 ud.,"6,15 €",,"20,50 €/100g",,Parafarmacia,Nutrición y Dietética,Complementos Vitamínicos,https://static.carrefour.es/hd_510x_/img_pim_food/235867_00_1.jpg
https://www.carrefour.es/supermercado/salsa-para-ensalada-sabor-yogur-heinz-envase-400-ml/R-546306276/p,Salsa para ensalada sabor yogur Heinz envase 400 ml.,"4,19 €",,"10,47 €/l",,La Despensa,Alimentación,Salsas y Tomate Frito,https://static.carrefour.es/hd_510x_/img_pim_food/202406_00_1.jpg
https://www.carrefour.es/supermercado/yogur-de-proteinas-liquido-desnatado-sabor-tropical-carrefour-sensation-sin-gluten-y-sin-azucar-anadido-400-g/R-VC4AECOMM-178610/p,Yogur de proteínas líquido desnatado sabor tropical Carrefour Sensation sin gluten y sin azúcar añadido 400 g.,"1,64 €",,"4,10 €/kg",,La Despensa,Yogures y Postres,Proteína,https://static.carrefour.es/hd_510x_/img_pim_food/178610_00_1.jpg
https://www.carrefour.es/supermercado/nata-para-cocinar-central-lechera-asturiana-500-ml/R-521030089/p,Nata para cocinar Central Lechera Asturiana 500 ml.,"2,89 €",,"5,78 €/l",,La Despensa,Lácteos,Nata,https://static.carrefour.es/hd_510x_/img_pim_food/437397_00_1.jpg
https://www.carrefour.es/supermercado/tomate-natural-pelado-carrefour-480-g/R-521029243/p,Tomate natural pelado Carrefour 480 g.,"1,35 €",,"2,81 €/kg",,La Despensa,"Conservas, Sopas y Precocinados",Conservas de Tomate,https://static.carrefour.es/hd_510x_/img_pim_food/231109_00_1.jpg
https://www.carrefour.es/supermercado/comida-humeda-de-pato-pollo-y-pavo-para-gato-adulto-purina-gourmet-mon-petit-6x50g/R-777106234/p,"Comida húmeda de pato, pollo y pavo para gato adulto Purina Gourmet Mon Petit 6x50g.","3,05 €",,"10,17 €/kg",,Mascotas,Gatos,Pienso para gatos,https://static.carrefour.es/hd_510x_/img_pim_food/769196_00_1.jpg
https://www.carrefour.es/supermercado/pasta-plumas-n-3-gallo-450-g/R-VC4AECOMM-636142/p,Pasta plumas nº 3 Gallo 450 g.,"1,41 €",,"3,13 €/kg",,La Despensa,Alimentación,Pastas,https://static.carrefour.es/hd_510x_/img_pim_food/636142_00_1.jpg
https://www.carrefour.es/supermercado/laca-fijadora-fuerte-satin-loreal-elnett-300-ml/R-794041306/p,Laca fijadora fuerte Satin L'Oréal Elnett 300 ml.,"5,99 €",,"2,00 €/100ml",,Perfumería e Higiene,Cabello,Fijadores,https://static.carrefour.es/hd_510x_/img_pim_food/892798_00_1.jpg
https://www.carrefour.es/supermercado/lomos-de-merluza-congelados-pescanova-360-g/R-521031241/p,Lomos de merluza congelados Pescanova 360 g.,"7,19 €",,"19,97 €/kg",,Congelados,Pescados Congelados,,https://static.carrefour.es/hd_510x_/img_pim_food/003305_00_1.jpg
https://www.carrefour.es/supermercado/ossobuco-de-anojo-circulo-de-calidad-800-g-aprox/R-prod1070075/p,Ossobuco de añojo Círculo de Calidad 800 g aprox,"7,42 €",,"13,49 €/kg",,Productos Frescos,Carnicería,Vacuno,https://static.carrefour.es/hd_510x_/img_pim_food/126612_00_1.jpg
https://www.carrefour.es/supermercado/tetinas-liquidos-espesos-6m-flujo-6-natural-response-philips-avent-2-ud/R-VC4AECOMM-215075/p,Tetinas líquidos espesos 6m+ flujo 6 Natural Response Philips Avent 2 ud.,"7,45 €",,"3,72 €/ud",,Parafarmacia,Bebé,Puericultura,https://static.carrefour.es/hd_510x_/img_pim_food/215075_00_1.jpg
https://www.carrefour.es/supermercado/trozos-de-poton-con-tinta-de-sepia-classic-carrefour-sin-gluten-pack-de-3-unidades-de-60-g/R-prod870558/p,Trozos de potón con tinta de sepia Classic Carrefour sin gluten pack de 3 unidades de 60 g.,"2,25 €",,"12,50 €/kg",,La Despensa,"Conservas, Sopas y Precocinados",Conservas de Pescado y Marisco,https://static.carrefour.es/hd_510x_/img_pim_food/010330_00_1.jpg
https://www.carrefour.es/supermercado/infusion-infusuenos-con-pasiflora-lavanda-y-miel-en-bolsitas-hornimans-20-ud/R-607220062/p,"Infusión Infusueños con pasiflora, lavanda y miel en bolsitas Hornimans 20 ud.","2,89 €",,"96,33 €/kg",,La Despensa,Desayuno,Infusiones y Tés,https://static.carrefour.es/hd_510x_/img_pim_food/393950_00_1.jpg
https://www.carrefour.es/supermercado/caldo-de-pescado-con-un-toque-de-aceite-de-oliva-virgen-extra-knorr-sin-gluten-12-pastillas/R-521005845/p,Caldo de pescado con un toque de aceite de oliva virgen extra Knorr sin gluten 12 pastillas,"1,87 €",,"15,58 €/kg",,La Despensa,"Conservas, Sopas y Precocinados","Caldos, Sopas y Pure",https://static.carrefour.es/hd_510x_/img_pim_food/002378_00_1.jpg
https://www.carrefour.es/supermercado/agua-de-colonia-n-47-para-mujer-caravan-150-ml/R-prod75478/p,Agua de colonia nº 47 para mujer Caravan 150 ml.,"10,89 €",,"7,26 €/100ml",,Perfumería e Higiene,Baño e Higiene Corporal,Colonias,https://static.carrefour.es/hd_510x_/img_pim_food/212321_00_1.jpg
https://www.carrefour.es/supermercado/contramuslo-de-pollo-campero-sin-piel-circulo-de-calidad-600-g-aprox/R-prod460408/p,Contramuslo de pollo campero sin piel Círculo de Calidad 600 g aprox,"5,75 €",,"9,59 €/kg",,Productos Frescos,Carnicería,Aves y Pollo,https://static.carrefour.es/hd_510x_/img_pim_food/826989_00_1.jpg
https://www.carrefour.es/supermercado/queso-comte-dop-5-meses-curacion-carrefour-cuna-250-g/R-VC4AECOMM-681530/p,Queso comté D.O.P. 5 meses curación Carrefour cuña 250 g,"5,29 €",,"21,16 €/kg",,Productos Frescos,Quesos,Todos los Quesos,https://static.carrefour.es/hd_510x_/img_pim_food/681530_00_1.jpg
https://www.carrefour.es/supermercado/jabon-de-manos-rosa-mosqueta-babaria-500-ml/R-594301555/p,Jabón de manos rosa mosqueta Babaria 500 ml.,"2,25 €",,"0,45 €/100ml",,Perfumería e Higiene,Baño e Higiene Corporal,Jabón de Manos,https://static.carrefour.es/hd_510x_/img_pim_food/347913_00_1.jpg
https://www.carrefour.es/supermercado/fideos-de-arroz-satay-itsu-sin-gluten-84-g/R-VC4AECOMM-129798/p,Fideos de arroz satay Itsu sin gluten 84 g.,"2,65 €",,"31,55 €/kg",,La Despensa,"Conservas, Sopas y Precocinados",Platos Preparados,https://static.carrefour.es/hd_510x_/img_pim_food/129798_00_1.jpg
https://www.carrefour.es/supermercado/cafe-capsulas-espresso-descafeinado-lavazza-compatible-con-nespresso-10-ud/R-VC4AECOMM-372075/p,Café cápsulas espresso descafeinado Lavazza compatible con Nespresso 10 ud.,"4,15 €",,"71,55 €/kg",,La Despensa,Desayuno,Cafés,https://static.carrefour.es/hd_510x_/img_pim_food/372075_00_1.jpg
https://www.carrefour.es/supermercado/mini-palmerita-de-mantequilla-175-g/R-793756265/p,Mini palmerita de mantequilla 175 g,"3,75 €",,"21,43 €/kg",,Productos Frescos,Panadería Tradicional,Bollería Tradicional,https://static.carrefour.es/hd_510x_/img_pim_food/875843_00_1.jpg
https://www.carrefour.es/supermercado/chupetes-soothies-de-silicona-0-6-meses-nina-philips-avent-2-ud/R-VC4AECOMM-432216/p,Chupetes Soothies de silicona 0-6 meses niña Philips Avent 2 ud.,"9,95 €",,"9,95 €/ud",,Parafarmacia,Bebé,Puericultura,https://static.carrefour.es/hd_510x_/img_pim_food/432216_00_1.jpg
https://www.carrefour.es/supermercado/champu-aceite-extraordinario-para-cabello-normal-a-seco-loreal-elvive-370-ml/R-826005355/p,Champú Aceite Extraordinario para cabello normal a seco L'Oréal-Elvive 370 ml.,"4,75 €",,"1,25 €/100ml",,Perfumería e Higiene,Cabello,Champús,https://static.carrefour.es/hd_510x_/img_pim_food/959827_00_1.jpg
https://www.carrefour.es/supermercado/min-burger-beef-style-sensation-carrefour-sin-gluten-4-ud/R-VC4AECOMM-252283/p,Min burger beef style Sensation Carrefour sin gluten 4 ud.,"3,45 €",,"17,25 €/kg",,La Despensa,"Conservas, Sopas y Precocinados",Platos Preparados,https://static.carrefour.es/hd_510x_/img_pim_food/252283_00_1.jpg
https://www.carrefour.es/supermercado/tetra-reptomin-comida-para-tortugas-acuaticas-1l-220g/R-720864155/p,Tetra Reptomin Comida para Tortugas Acuáticas 1L/220g,"20,40 €",,"92,73 €/kg",,Mascotas,Peces y tortugas,Tortugas,https://static.carrefour.es/hd_510x_/img_pim_food/454492_00_1.jpg
https://www.carrefour.es/supermercado/arroz-tres-delicias-ultracongelado-carrefour-1-kg/R-531705215/p,Arroz tres delicias ultracongelado Carrefour 1 kg.,"2,39 €",,"2,39 €/kg",,Congelados,Salteados Congelados,,https://static.carrefour.es/hd_510x_/img_pim_food/180546_00_1.jpg
https://www.carrefour.es/supermercado/leche-semidesnatada-vitacalcio-puleva-brik-1-l/R-521007012/p,Leche semidesnatada VitaCalcio Puleva brik 1 l.,"1,58 €","1,25 €","1,58 €/l
- 9,48 €/6 uds.","1,25 €/l
- 7,50 €/6 uds.",La Despensa,Lácteos,Leche,https://static.carrefour.es/hd_510x_/img_pim_food/041324_00_1.jpg
https://www.carrefour.es/supermercado/salsa-mexicana-suave-old-el-paso-sin-gluten-y-sin-lactosa-tarro-312-g/R-521029359/p,Salsa mexicana suave Old El Paso sin gluten y sin lactosa tarro 312 g.,"3,55 €",,"11,38 €/kg",,La Despensa,Alimentación,Salsas y Tomate Frito,https://static.carrefour.es/hd_510x_/img_pim_food/192918_00_1.jpg
https://www.carrefour.es/supermercado/salchichas-de-bacon-cheddar-king-el-pozo-sin-gluten-330-g/R-fprod1310067/p,Salchichas de Bacon-Cheddar King El Pozo sin gluten 330 g.,"2,29 €",,"6,94 €/kg",,Productos Frescos,Charcutería,Salchichas,https://static.carrefour.es/hd_510x_/img_pim_food/333443_00_1.jpg
https://www.carrefour.es/supermercado/chorizo-de-leon-dulce-embutidos-la-encima-sin-gluten-y-sin-lactosa-400-g/R-VC4AECOMM-610054/p,Chorizo de León dulce Embutidos La Encima sin gluten y sin lactosa 400 g,"10,35 €",,"20,70 €/kg",,Productos Frescos,Charcutería,"Chorizo, Lomo y Otros",https://static.carrefour.es/hd_510x_/img_pim_food/610054_00_1.jpg
https://www.carrefour.es/supermercado/champu-hidratacion-intensa-para-cabello-seco-o-danado-tresemme-100-ml/R-774909424/p,Champú hidratación intensa para cabello seco o dañado Tresemmé 100 ml.,"1,69 €",,"1,69 €/100ml",,Perfumería e Higiene,Cuidado y Protección Corporal,Productos para Viaje,https://static.carrefour.es/hd_510x_/img_pim_food/773495_00_1.jpg
https://www.carrefour.es/supermercado/couscous-mediano-classic-carrefour-500-g/R-VC4AECOMM-099192/p,Couscous mediano Classic Carrefour 500 g.,"0,96 €",,"1,92 €/kg",,La Despensa,Alimentación,Arroz y Cous Cous,https://static.carrefour.es/hd_510x_/img_pim_food/099192_00_1.jpg
https://www.carrefour.es/supermercado/bonito-del-norte-en-aceite-de-oliva-procedente-de-pesca-sostenible-carrefour-260-g/R-prod620144/p,Bonito del norte en aceite de oliva procedente de pesca sostenible Carrefour 260 g.,"7,39 €",,"28,42 €/kg",,La Despensa,"Conservas, Sopas y Precocinados",Conservas de Pescado y Marisco,https://static.carrefour.es/hd_510x_/img_pim_food/841529_00_1.jpg
https://www.carrefour.es/supermercado/prevencion-resaca-party-smart-himalaya-250-mg/R-VC4AECOMM-399583/p,Prevención resaca party smart Himalaya 250 mg.,"2,15 €",,"0,86 €/100g",,Parafarmacia,Nutrición y Dietética,Complementos Vitamínicos,https://static.carrefour.es/hd_510x_/img_pim_food/399583_00_1.jpg
https://www.carrefour.es/supermercado/chocolate-negro-intenso-con-naranja-lindt-excellence-100-g/R-521004096/p,Chocolate negro intenso con naranja Lindt Excellence 100 g.,"3,29 €",,"32,90 €/kg",,,,,https://static.carrefour.es/hd_510x_/img_pim_food/579407_00_1.jpg
https://www.carrefour.es/supermercado/tabletas-limpiadoras-para-protesis-dentales-corega-66-ud/R-590508550/p,Tabletas limpiadoras para prótesis dentales Corega 66 ud.,"15,59 €",,"0,26 €/ud",,Parafarmacia,Higiene Bucal,Cuidado y Fijación Prótesis Dentales,https://static.carrefour.es/hd_510x_/img_pim_food/552614_00_1.jpg
https://www.carrefour.es/supermercado/cocktail-de-frutas-exoticas-original-carrefour-150-g/R-521014839/p,Cocktail de frutas exóticas Original Carrefour 150 g.,"1,45 €",,"9,67 €/kg",,La Despensa,Aperitivos,Frutas Desecadas,https://static.carrefour.es/hd_510x_/img_pim_food/619427_00_1.jpg
https://www.carrefour.es/supermercado/datiles-dnour-hayah-200-g/R-fprod1390146/p,Dátiles Dnour Hayah 200 g.,"1,48 €",,"7,40 €/kg",,La Despensa,Aperitivos,Frutas Desecadas,https://static.carrefour.es/hd_510x_/img_pim_food/268261_00_1.jpg
https://www.carrefour.es/supermercado/cafe-latte-macchiato-carrefour-sensation-sin-gluten-250-ml/R-VC4AECOMM-482512/p,Café latte macchiato Carrefour Sensation sin gluten 250 ml.,"0,85 €",,"3,40 €/l",,La Despensa,Lácteos,Listo para beber,https://static.carrefour.es/hd_510x_/img_pim_food/482512_00_1.jpg
https://www.carrefour.es/supermercado/leche-en-capsulas-origen-sensations-compatible-con-dolce-gusto-16-ud/R-VC4AECOMM-862483/p,Leche en cápsulas Origen & Sensations compatible con Dolce Gusto 16 ud.,"4,45 €",,"21,39 €/kg",,La Despensa,Desayuno,Cafés,https://static.carrefour.es/hd_510x_/img_pim_food/862483_00_1.jpg
https://www.carrefour.es/supermercado/freshyeti-candy-platano-lata-50-cl/R-VC4AECOMM-190540/p,Freshyeti candy plátano lata 50 cl.,"1,00 €",,"2,00 €/l",,Bebidas,Refrescos,Energéticas,https://static.carrefour.es/hd_510x_/img_pim_food/190540_00_1.jpg
https://www.carrefour.es/supermercado/filetes-de-anojo-circulo-de-calidad-500-g-aprox/R-prod1070083/p,Filetes de añojo Círculo de Calidad 500 g aprox,"7,49 €",,"14,99 €/kg",,Productos Frescos,Carnicería,Vacuno,https://static.carrefour.es/hd_510x_/img_pim_food/126665_00_1.jpg
https://www.carrefour.es/supermercado/queso-tierno-en-porciones-mini-babybel-120-g/R-521030744/p,Queso tierno en porciones Mini Babybel 120 g,"3,05 €",,"25,42 €/kg",,Productos Frescos,Quesos,Todos los Quesos,https://static.carrefour.es/hd_510x_/img_pim_food/221478_00_1.jpg
https://www.carrefour.es/supermercado/bloque-de-higado-de-pato-martiko-sin-gluten-130-g/R-prod71353/p,Bloque de hígado de pato Martiko sin gluten 130 g,"10,89 €",,"83,77 €/kg",,Productos Frescos,Charcutería,"Foie, Patés y Sobrasadas",https://static.carrefour.es/hd_510x_/img_pim_food/710307_00_1.jpg
https://www.carrefour.es/supermercado/gusanitos-con-fresa-y-platano-ecologicos-smileat-sin-gluten-25-g/R-VC4AECOMM-757324/p,Gusanitos con fresa y plátano ecológicos Smileat sin gluten 25 g.,"1,58 €",,"63,20 €/kg",,Bebé,Alimentación infantil,Galletas y Snacks,https://static.carrefour.es/hd_510x_/img_pim_food/757324_00_1.jpg
https://www.carrefour.es/supermercado/bombitas-relleno-choco-avellanas-brioche-pasquier-6-ud/R-579101495/p,Bombitas relleno choco-avellanas Brioche Pasquier 6 ud.,"4,25 €",,"15,74 €/kg",,La Despensa,"Panaderia, Bollería y Pastelería",Bollería,https://static.carrefour.es/hd_510x_/img_pim_food/135119_00_1.jpg
https://www.carrefour.es/supermercado/queso-de-mezcla-curado-classic-carrefour-340-g/R-VC4AECOMM-422016/p,Queso de mezcla curado Classic' Carrefour 340 g,"4,65 €",,"13,68 €/kg",,Productos Frescos,Quesos,Todos los Quesos,https://static.carrefour.es/hd_510x_/img_pim_food/422016_00_1.jpg
https://www.carrefour.es/supermercado/desodorante-en-spray-antitranspirante-original-proteccion-72h-advanced-care-dove-pack-de-3-unidades-de-150-ml/R-prod210947/p,Desodorante en spray antitranspirante original protección 72h Advanced Care Dove pack de 3 unidades de 150 ml.,"9,05 €",,"2,01 €/100ml",,Perfumería e Higiene,Baño e Higiene Corporal,Desodorantes,https://static.carrefour.es/hd_510x_/img_pim_food/263493_00_1.jpg
https://www.carrefour.es/supermercado/tarta-donuts-glace-360-g/R-VC4AECOMM-321985/p,Tarta Donuts Glacé 360 g.,"10,89 €",,"30,25 €/kg",,Congelados,Rebozados y Platos Preparados,,https://static.carrefour.es/hd_510x_/img_pim_food/321985_00_1.jpg
https://www.carrefour.es/supermercado/arroz-tres-colores-carrefour-1-kg/R-prod870670/p,Arroz tres colores Carrefour 1 kg.,"3,45 €",,"3,45 €/kg",,La Despensa,Alimentación,Arroz y Cous Cous,https://static.carrefour.es/hd_510x_/img_pim_food/005010_00_1.jpg
https://www.carrefour.es/supermercado/champu-fortificante-pure-fresh-pepino-purificante-para-cabello-graso-garnier-fructis-360-ml/R-prod65196/p,Champú fortificante Pure Fresh Pepino Purificante para cabello graso Garnier-Fructis 360 ml.,"4,55 €",,"1,20 €/100ml",,Perfumería e Higiene,Cabello,Champús,https://static.carrefour.es/hd_510x_/img_pim_food/199511_00_1.jpg
https://www.carrefour.es/supermercado/sal-marina-fina-carrefour-250-g/R-521005132/p,Sal marina fina Carrefour 250 g.,"0,62 €",,"2,48 €/kg",,La Despensa,Alimentación,Sales y Bicarbonatos,https://static.carrefour.es/hd_510x_/img_pim_food/234968_00_1.jpg
https://www.carrefour.es/supermercado/toallitas-humedas-para-bebe-ecologicas-natur-aqua-salustar-60-ud/R-VC4AECOMM-555575/p,Toallitas húmedas para bebé ecológicas Natur Aqua Salustar 60 ud.,"2,55 €",,"0,04 €/ud",,Bebé,Pañales y Toallitas,Toallitas,https://static.carrefour.es/hd_510x_/img_pim_food/555575_00_1.jpg
https://www.carrefour.es/supermercado/hot-dog-bimbo-4-ud/R-prod1023531/p,Hot dog Bimbo 4 ud.,"1,93 €",,"8,77 €/kg",,La Despensa,"Panaderia, Bollería y Pastelería",Pan Perrito y Burguer,https://static.carrefour.es/hd_510x_/img_pim_food/312832_00_1.jpg
https://www.carrefour.es/supermercado/bifidus-desnatado-natural-danone-activia-pack-de-16-unidades-de-120-g/R-prod69534/p,Bífidus desnatado natural Danone Activia pack de 16 unidades de 120 g.,"6,29 €",,"3,28 €/kg",,La Despensa,Yogures y Postres,Yogures Desnatados,https://static.carrefour.es/hd_510x_/img_pim_food/543067_00_1.jpg
https://www.carrefour.es/supermercado/patatas-al-horno-express-mccain-500-g/R-prod1023612/p,Patatas al horno express McCain 500 g.,"3,65 €",,"7,30 €/kg",,Congelados,Salteados Congelados,,https://static.carrefour.es/hd_510x_/img_pim_food/110821_00_1.jpg
https://www.carrefour.es/supermercado/acondicionador-solido-ecologico-green-carrefour-soft-50-g/R-VC4AECOMM-129597/p,Acondicionador sólido ecológico Green Carrefour Soft 50 g.,"4,49 €",,"8,98 €/100g",,Perfumería e Higiene,Cabello,Acondicionadores,https://static.carrefour.es/hd_510x_/img_pim_food/129597_00_1.jpg
https://www.carrefour.es/supermercado/vino-tinto-reserva-hacienda-lopez-de-haro-do-rioja-75-cl/R-864900575/p,Hacienda Lopez De Haro Tinto Reserva 2016,"11,49 €",,"11,49 €/ud",,Bebidas,Vinos,Tinto,https://static.carrefour.es/hd_510x_/img_pim_food/154442_00_1.jpg
https://www.carrefour.es/supermercado/supremas-de-atun-congelado-findus-230-g/R-819255878/p,Supremas de atún congelado Findus 230 g.,"9,55 €",,"41,52 €/kg",,Congelados,Pescados Congelados,,https://static.carrefour.es/hd_510x_/img_pim_food/946262_00_1.jpg
https://www.carrefour.es/supermercado/cepillo-de-dientes-medio-phb-2-ud/R-VC4AECOMM-337698/p,Cepillo de dientes medio PHB 2 ud.,"6,69 €",,"3,34 €/ud",,Parafarmacia,Higiene Bucal,Cepillos y Seda,https://static.carrefour.es/hd_510x_/img_pim_food/337698_00_1.jpg
https://www.carrefour.es/supermercado/uva-blanca-granel-500-g-aprox/R-530067054/p,Uva blanca granel 500 g aprox,"1,92 €",,"3,84 €/kg",,Productos Frescos,Frutas,Uvas,https://static.carrefour.es/hd_510x_/img_pim_food/053858_00_1.jpg
https://www.carrefour.es/supermercado/comida-humeda-tartelette-surtido-para-gatos-adulto-purina-gourmet-gold-24x85-g/R-VC4AECOMM-488310/p,Comida húmeda tartelette surtido para gatos adulto Purina Gourmet Gold 24x85 g.,"16,55 €",,"8,11 €/kg",,Mascotas,Gatos,Pienso para gatos,https://static.carrefour.es/hd_510x_/img_pim_food/488310_00_1.jpg
https://www.carrefour.es/supermercado/cafe-soluble-descafeinado-nescafe-classic-100-g/R-522713637/p,Café soluble descafeinado Nescafé Classic 100 g.,"3,99 €",,"39,90 €/kg",,La Despensa,Desayuno,Cafés,https://static.carrefour.es/hd_510x_/img_pim_food/001725_00_1.jpg
https://www.carrefour.es/supermercado/regaliz-de-goma-sabor-mora-fini-200-g/R-prod680067/p,Regaliz de goma sabor mora Fini 200 g.,"2,15 €",,"10,75 €/kg",,La Despensa,Dulce,Dulces y Golosinas,https://static.carrefour.es/hd_510x_/img_pim_food/846815_00_1.jpg
https://www.carrefour.es/supermercado/crema-de-calabacin-485-ml/R-fprod1380078/p,Crema de calabacín 485 ml,"2,19 €",,"4,52 €/l",,Productos Frescos,Platos Preparados Cocinados,Platos de Verdura,https://static.carrefour.es/hd_510x_/img_pim_food/350739_00_1.jpg
https://www.carrefour.es/supermercado/gaseosa-la-casera-limon-0-calorias-y-azucares-lata-33-cl/R-VC4AECOMM-668695/p,Gaseosa La Casera limón 0% calorías y azucares lata 33 cl.,"0,68 €",,"2,06 €/l",,Bebidas,Refrescos,Gaseosa,https://static.carrefour.es/hd_510x_/img_pim_food/668695_00_1.jpg
https://www.carrefour.es/supermercado/mollejas-de-ternera-enteras-carnicas-meca-1-kg-aprox/R-prod73564/p,Mollejas de ternera enteras Cárnicas Meca 1 kg aprox,"11,89 €",,"11,89 €/kg",,Productos Frescos,Carnicería,Otras carnes,https://static.carrefour.es/hd_510x_/img_pim_food/289095_00_1.jpg
https://www.carrefour.es/supermercado/conchas-originales-codan-6-ud/R-711612181/p,Conchas originales Codan 6 ud.,"2,25 €",,"6,82 €/kg",,La Despensa,"Panaderia, Bollería y Pastelería",Bollería,https://static.carrefour.es/hd_510x_/img_pim_food/432334_00_1.jpg
https://www.carrefour.es/supermercado/ajo-pelado-100-g/R-VC4AECOMM-546348/p,Ajo pelado 100 g,"1,89 €",,"18,90 €/kg",,Productos Frescos,Verduras y hortalizas,Ensaladas y Verduras Preparadas,https://static.carrefour.es/hd_510x_/img_pim_food/546348_00_1.jpg
https://www.carrefour.es/supermercado/gel-de-ducha-revitalizante-lima-y-menta-moussel-650-ml/R-VC4AECOMM-202238/p,Gel de ducha revitalizante lima y menta Moussel 650 ml.,"3,89 €",,"0,60 €/100ml",,Perfumería e Higiene,Baño e Higiene Corporal,Geles de Baño,https://static.carrefour.es/hd_510x_/img_pim_food/202238_00_1.jpg
https://www.carrefour.es/supermercado/mascarilla-rellenadora-revitalift-filler-loreal-1-ud/R-VC4AECOMM-477707/p,Mascarilla rellenadora revitalift filler L'Oréal 1 ud.,"4,05 €",,"4,05 €/ud",,Perfumería e Higiene,Cuidado y Protección Corporal,Piel,https://static.carrefour.es/hd_510x_/img_pim_food/477707_00_1.jpg
https://www.carrefour.es/supermercado/alino-de-aceite-con-ajo-y-perejil-140-g/R-VC4AECOMM-107969/p,Aliño de aceite con ajo y perejil 140 g,"1,83 €",,"13,07 €/kg",,Productos Frescos,Verduras y hortalizas,Ensaladas y Verduras Preparadas,https://static.carrefour.es/hd_510x_/img_pim_food/107969_00_1.jpg
https://www.carrefour.es/supermercado/compresas-ultra-con-alas-noche-carrefour-10-ud/R-521000491/p,Compresas ultra con alas noche Carrefour 10 ud.,"1,15 €",,"0,12 €/ud",,Perfumería e Higiene,Higiene íntima,Compresas,https://static.carrefour.es/hd_510x_/img_pim_food/452773_00_1.jpg
https://www.carrefour.es/supermercado/confitura-de-fresa-categoria-extra-light-carrefour-300-g/R-prod1030077/p,Confitura de fresa categoría extra light Carrefour 300 g.,"1,26 €",,"4,20 €/kg",,La Despensa,Dulce,"Mermeladas, Membrillos y Compotas",https://static.carrefour.es/hd_510x_/img_pim_food/111939_00_1.jpg
https://www.carrefour.es/supermercado/sardina-parrocha-1-kg-aprox/R-628108248/p,Sardina parrocha 1 kg aprox,"4,99 €",,,,Productos Frescos,Pescadería,Pescado Fresco,https://static.carrefour.es/hd_510x_/img_pim_food/056912_00_1.jpg
https://www.carrefour.es/supermercado/cecinisima-en-lonchas-finas-palcarsa-sin-gluten-y-sin-lactosa-70-g/R-VC4AECOMM-120580/p,Cecinísima en lonchas finas Palcarsa sin gluten y sin lactosa 70 g,"4,05 €",,"57,86 €/kg",,Productos Frescos,Charcutería,Jamón Cocido y Lacón,https://static.carrefour.es/hd_510x_/img_pim_food/120580_00_1.jpg
https://www.carrefour.es/supermercado/hamburguesa-de-pavo-carrefour-320-g/R-VC4AECOMM-451178/p,Hamburguesa de pavo Carrefour 320 g,"2,99 €",,"9,34 €/kg",,Productos Frescos,Carnicería,Otras carnes,https://static.carrefour.es/hd_510x_/img_pim_food/451178_00_1.jpg
https://www.carrefour.es/supermercado/bolsita-de-naranja-platano-pera-y-galleta-desde-12-meses-sin-azucar-anadido-hero-mi-fruta-pack-4-unidades-de-100-g/R-prod1022842/p,"Bolsita de naranja, plátano, pera y galleta desde 12 meses sin azúcar añadido Hero Mi Fruta pack 4 unidades de 100 g.","5,05 €",,"12,62 €/kg",,Bebé,Alimentación infantil,"Postres, Zumos, Petit y Yogures Infantiles",https://static.carrefour.es/hd_510x_/img_pim_food/103186_00_1.jpg
https://www.carrefour.es/supermercado/tcremeglosscasting834/R-520663559/p,T.CREME.GLOSS.CASTING.834,"5,99 €",,"5,99 €/ud",,Perfumería e Higiene,Cabello,Tinte,https://static.carrefour.es/hd_510x_/img_pim_food/684399_00_1.jpg
https://www.carrefour.es/supermercado/pate-de-pollo-para-perros-1200-g/R-720860927/p,Paté de pollo para perros 1200 g,"1,85 €",,"1,50 €/kg",,Mascotas,Perros,Pienso para perros,https://static.carrefour.es/hd_510x_/img_pim_food/250554_00_1.jpg
https://www.carrefour.es/supermercado/agua-de-colonia-aguas-masculinas-n-3-seduccion-magnetica-victorio-lucchino-150-ml/R-prod71488/p,Agua de colonia Aguas Masculinas nº 3 Seducción magnética Victorio & Lucchino 150 ml.,"14,09 €",,"9,39 €/100ml",,Perfumería e Higiene,Baño e Higiene Corporal,Colonias,https://static.carrefour.es/hd_510x_/img_pim_food/209194_00_1.jpg
https://www.carrefour.es/supermercado/esmalte-de-unas-60-seconds-super-shine-n-740-clear-rimmel-london-1-ud/R-prod67962/p,Esmalte de uñas 60 Seconds Super Shine nº 740 Clear Rimmel London 1 ud.,"2,65 €",,"2,65 €/ud",,Perfumería e Higiene,Cosmética,Uñas,https://static.carrefour.es/hd_510x_/img_pim_food/903606_00_1.jpg
https://www.carrefour.es/supermercado/complemento-alimenticio-con-colageno-y-magnesio-en-sticks-ana-maria-lajusticia-sin-gluten-20-ud/R-prod780693/p,Complemento alimenticio con colágeno y magnesio en sticks Ana Maria Lajusticia sin gluten 20 ud.,"8,95 €",,"89,50 €/100g",,La Despensa,Alimentación,Vitaminas y Complementos,https://static.carrefour.es/hd_510x_/img_pim_food/989812_00_1.jpg
https://www.carrefour.es/supermercado/bayeta-para-polvo-de-microfibra-carrefour-beige/R-609302134/p,Bayeta para polvo de Microfibra Carrefour - Beige,"0,99 €",,"0,99 €/ud",,Limpieza y Hogar,Utensilios de Limpieza,Bayetas Microfibra Atrapapolvo,https://static.carrefour.es/hd_510x_/img_pim_food/257432_00_1.jpg
https://www.carrefour.es/supermercado/salsa-picante-piri-piri-sensation-carrefour-botella-200-g/R-VC4AECOMM-208949/p,Salsa picante Piri Piri Sensation Carrefour botella 200 g.,"0,99 €",,"4,95 €/kg",,La Despensa,Alimentación,Salsas y Tomate Frito,https://static.carrefour.es/hd_510x_/img_pim_food/208949_00_1.jpg
https://www.carrefour.es/supermercado/coulant-de-chocolate-carrefour-extra-pack-de-2-unidades-de-90-g/R-VC4AECOMM-675812/p,Coulant de chocolate Carrefour Extra pack de 2 unidades de 90 g.,"2,19 €",,"12,17 €/kg",,La Despensa,Yogures y Postres,Otros Postres,https://static.carrefour.es/hd_510x_/img_pim_food/675812_00_1.jpg
https://www.carrefour.es/supermercado/magdalenas-redondas-carrefour-no-gluten-sin-gluten-y-sin-lactosa-210-g/R-VC4AECOMM-621270/p,Magdalenas redondas Carrefour No Gluten sin gluten y sin lactosa 210 g.,"2,55 €",,"12,14 €/kg",,La Despensa,"Panaderia, Bollería y Pastelería",Bollería,https://static.carrefour.es/hd_510x_/img_pim_food/621270_00_1.jpg
https://www.carrefour.es/supermercado/necora-cocida-1-kg-aprox/R-531505529/p,Nécora Cocida 1 kg aprox,"12,95 €",,"12,95 €/kg",,Productos Frescos,Pescadería,"Marisco, Almejas y Mejillones",https://static.carrefour.es/hd_510x_/img_pim_food/033536_00_1.jpg
https://www.carrefour.es/supermercado/snack-de-maiz-nestle-happy-puffs-sin-azucar-anadido-28-g/R-VC4AECOMM-194389/p,Snack de maíz Nestlé Happy Puffs sin azúcar añadido 28 g.,"1,89 €",,"67,50 €/kg",,Bebé,Alimentación infantil,Galletas y Snacks,https://static.carrefour.es/hd_510x_/img_pim_food/194389_00_1.jpg
https://www.carrefour.es/supermercado/rabas-enharinadas-congeladas-500-g/R-prod690176/p,Rabas enharinadas congeladas 500 g,"4,50 €",,"9,00 €/kg",,Productos Frescos,Pescadería,"Pulpo, Calamar y Sepia",https://static.carrefour.es/hd_510x_/img_pim_food/847588_00_1.jpg
https://www.carrefour.es/supermercado/sidra-la-asturiana-75-cl/R-VC4AECOMM-602466/p,Sidra La Asturiana 75 cl.,"1,73 €",,"2,31 €/l",,,,,https://static.carrefour.es/hd_510x_/img_pim_food/602466_00_1.jpg
https://www.carrefour.es/supermercado/vino-oloroso-criaderas-y-soleras-cortijo-de-ceret-do-jerez-xeres-sherry-75-cl/R-VC4AECOMM-649562/p,Vino oloroso criaderas y soleras Cortijo de Ceret D.O. Jerez-Xérés-Sherry 75 cl.,"4,35 €",,"4,35 €/ud",,,,,https://static.carrefour.es/hd_510x_/img_pim_food/649562_00_1.jpg
https://www.carrefour.es/supermercado/bombon-helado-de-chocolate-duo-choc-carrefour-sensation-4-ud/R-VC4AECOMM-331963/p,Bombón helado de chocolate Duo Choc Carrefour Sensation 4 ud.,"3,39 €",,"0,85 €/ud",,Congelados,Helados,Bombón Helado,https://static.carrefour.es/hd_510x_/img_pim_food/331963_00_1.jpg
https://www.carrefour.es/supermercado/pate-de-higado-de-cerdo-classic-carrefour-200-g/R-521006579/p,Paté de hígado de cerdo Classic Carrefour 200 g.,"0,96 €",,"4,80 €/kg",,Productos Frescos,Charcutería,"Foie, Patés y Sobrasadas",https://static.carrefour.es/hd_510x_/img_pim_food/799271_00_1.jpg
https://www.carrefour.es/supermercado/tomate-natural-pelado-carrefour-240-g/R-526627298/p,Tomate natural pelado Carrefour 240 g.,"0,80 €",,"3,33 €/kg",,La Despensa,"Conservas, Sopas y Precocinados",Conservas de Tomate,https://static.carrefour.es/hd_510x_/img_pim_food/261524_00_1.jpg
https://www.carrefour.es/supermercado/kefir-tropical-nestle-500-g/R-VC4AECOMM-437823/p,Kéfir tropical Nestlé 500 g.,"2,15 €",,"4,30 €/kg",,La Despensa,Yogures y Postres,Yogures Líquidos,https://static.carrefour.es/hd_510x_/img_pim_food/437823_00_1.jpg
https://www.carrefour.es/supermercado/galletas-elite-150-g/R-638301853/p,Galletas Elite 150 g.,"4,59 €",,"30,60 €/kg",,La Despensa,Desayuno,Galletas,https://static.carrefour.es/hd_510x_/img_pim_food/522113_00_1.jpg
https://www.carrefour.es/supermercado/pechuga-de-pavo-braseada-en-lonchas-finas-campofrio-finissimas-sin-gluten-y-sin-lactosa-115-g/R-VC4AECOMM-695342/p,Pechuga de Pavo braseada en lonchas finas Campofrío Finissimas sin gluten y sin lactosa 115 g,"1,89 €",,"16,43 €/kg",,Productos Frescos,Charcutería,Fiambre de Pavo y Pollo,https://static.carrefour.es/hd_510x_/img_pim_food/695342_00_1.jpg
https://www.carrefour.es/supermercado/tartufo-carrefour-original-pack-de-2-unidades-de-80-g/R-521006949/p,Tartufo Carrefour Original pack de 2 unidades de 80 g.,"2,15 €",,"13,44 €/kg",,La Despensa,Yogures y Postres,Otros Postres,https://static.carrefour.es/hd_510x_/img_pim_food/698895_00_1.jpg
https://www.carrefour.es/supermercado/mantequilla-con-sal-president-250-g/R-521030131/p,Mantequilla con sal Président 250 g.,"4,45 €",,"17,80 €/kg",,La Despensa,Lácteos,Mantequillas y Margarinas,https://static.carrefour.es/hd_510x_/img_pim_food/044566_00_1.jpg
https://www.carrefour.es/supermercado/filetes-de-pechuga-marinada-de-pollo-carrefour-450-g-aprox/R-VC4AECOMM-377487/p,Filetes de Pechuga Marinada de Pollo Carrefour 450 g aprox,"3,51 €",,"7,79 €/kg",,Productos Frescos,Carnicería,Aves y Pollo,https://static.carrefour.es/hd_510x_/img_pim_food/377487_00_1.jpg
https://www.carrefour.es/supermercado/queso-havarti-en-lonchas-ecologico-millan-vicente-125-g/R-VC4AECOMM-215765/p,Queso havarti en lonchas ecológico Millán Vicente 125 g.,"3,36 €",,"26,88 €/kg",,Productos Frescos,Quesos,Tierno,https://static.carrefour.es/hd_510x_/img_pim_food/215765_00_1.jpg
https://www.carrefour.es/supermercado/leche-desnatada-ultrafiltrada-central-lechera-asturiana-sin-lactosa-brik-1-l/R-prod730913/p,Leche desnatada ultrafiltrada Central Lechera Asturiana sin lactosa brik 1 l.,"1,55 €",,"1,55 €/l
- 9,30 €/6 uds.",,La Despensa,Lácteos,Leche,https://static.carrefour.es/hd_510x_/img_pim_food/855735_00_1.jpg
https://www.carrefour.es/supermercado/ambientador-para-el-armario-frutos-rojos-the-fruit-company-1-ud/R-VC4AECOMM-618657/p,Ambientador para el armario frutos rojos The Fruit Company 1 ud.,"1,28 €",,"1,28 €/ud",,Limpieza y Hogar,Ambientadores,Decorativos,https://static.carrefour.es/hd_510x_/img_pim_food/618657_00_1.jpg
https://www.carrefour.es/supermercado/suavizante-concentrado-aromaterapia-agua-de-coco-y-minerales-vernel-80-lavados/R-VC4AECOMM-473717/p,Suavizante concentrado aromaterapia + agua de coco y minerales Vernel 80 lavados.,"5,19 €",,"0,06 €/lavado",,Limpieza y Hogar,Cuidado de la Ropa,Suavizantes,https://static.carrefour.es/hd_510x_/img_pim_food/473717_00_1.jpg
https://www.carrefour.es/supermercado/laca-fijadora-fuerte-satin-loreal-elnett-75-ml/R-520664703/p,Laca fijadora fuerte Satin L'Oréal Elnett 75 ml.,"4,25 €",,"5,67 €/100ml",,Perfumería e Higiene,Cuidado y Protección Corporal,Productos para Viaje,https://static.carrefour.es/hd_510x_/img_pim_food/574765_00_1.jpg
https://www.carrefour.es/supermercado/bloque-de-helado-de-nata-chocolate-y-vainilla-carrefour-420-g/R-538003270/p,"Bloque de helado de nata, chocolate y vainilla Carrefour 420 g.","1,85 €",,"4,40 €/kg",,Congelados,Helados,Bloques,https://static.carrefour.es/hd_510x_/img_pim_food/199151_00_1.jpg
https://www.carrefour.es/supermercado/barritas-de-galleta-crujiente-cubiertas-de-chocolate-con-leche-nestle-kit-kat-5-ud/R-521004391/p,Barritas de galleta crujiente cubiertas de chocolate con leche Nestlé Kit Kat 5 ud.,"3,49 €",,"16,86 €/kg",,La Despensa,Dulce,Bombones y Chocolates,https://static.carrefour.es/hd_510x_/img_pim_food/267300_00_1.jpg
https://www.carrefour.es/supermercado/te-verde-con-matcha-en-bolsitas-carrefour-classic-25-ud/R-VC4AECOMM-599700/p,Té verde con matcha en bolsitas Carrefour Classic 25 ud.,"1,17 €",,"26,59 €/kg",,La Despensa,Desayuno,Infusiones y Tés,https://static.carrefour.es/hd_510x_/img_pim_food/599700_00_1.jpg
https://www.carrefour.es/supermercado/galletas-recubiertas-de-chocolate-con-leche-digestive-carrefour-sensation-300-g/R-521002712/p,Galletas recubiertas de chocolate con leche Digestive Carrefour Sensation 300 g.,"1,40 €",,"4,67 €/kg",,La Despensa,Desayuno,Galletas,https://static.carrefour.es/hd_510x_/img_pim_food/066542_00_1.jpg
https://www.carrefour.es/supermercado/set-de-20-vasos-carton-nupik-naturgo-290-cc-blanco/R-VC4AECOMM-428685/p,Set de 20 Vasos Cartón NUPIK Naturgo 290 cc - Blanco,"1,83 €",,"0,09 €/ud",,Limpieza y Hogar,Menaje,Menaje Desechable,https://static.carrefour.es/hd_510x_/img_pim_food/428685_00_1.jpg
https://www.carrefour.es/supermercado/pimientos-de-piquillo-carretilla-225-g/R-630401667/p,Pimientos de piquillo Carretilla 225 g.,"2,59 €",,"11,51 €/kg",,La Despensa,"Conservas, Sopas y Precocinados",Conservas de Vegetales,https://static.carrefour.es/hd_510x_/img_pim_food/806595_00_1.jpg
https://www.carrefour.es/supermercado/aceite-en-crema-oliva-mitica-sin-aclarado-garnier-original-remedies-200-ml/R-801332647/p,Aceite en crema oliva mítica sin aclarado Garnier Original Remedies 200 ml.,"3,45 €",,"1,72 €/100ml",,Perfumería e Higiene,Cabello,Cuidado y Tratamientos del cabello,https://static.carrefour.es/hd_510x_/img_pim_food/903324_00_1.jpg
https://www.carrefour.es/supermercado/vino-tinto-tempranillo-campo-viejo-doca-rioja-75-cl/R-520662350/p,Vino tinto tempranillo Campo Viejo D.O.Ca. Rioja 75 cl.,"4,45 €",,"4,45 €/ud",,Bebidas,Vinos,Tinto,https://static.carrefour.es/hd_510x_/img_pim_food/048265_00_1.jpg
https://www.carrefour.es/supermercado/nestea-te-negro-con-limon-bajo-en-calorias-pack-2-botellas-de-15-l/R-VC4AECOMM-292563/p,"Nestea té negro con limón bajo en calorías pack 2 botellas de 1,5 l.","3,89 €",,"1,30 €/l",,Bebidas,Refrescos,Sabores sin Gas,https://static.carrefour.es/hd_510x_/img_pim_food/292563_00_1.jpg
https://www.carrefour.es/supermercado/asado-de-pavo-y-pollo-carrefour-sin-gluten-800-g/R-797329769/p,Asado de pavo y pollo Carrefour sin gluten 800 g.,"10,35 €",,"12,94 €/kg",,La Despensa,"Conservas, Sopas y Precocinados",Platos Preparados,https://static.carrefour.es/hd_510x_/img_pim_food/900113_00_1.jpg
https://www.carrefour.es/supermercado/infusion-detox-en-bolsitas-pompadour-20-ud/R-665801974/p,Infusión detox en bolsitas Pompadour 20 ud.,"2,95 €",,"73,75 €/kg",,La Despensa,Desayuno,Infusiones y Tés,https://static.carrefour.es/hd_510x_/img_pim_food/321788_00_1.jpg
https://www.carrefour.es/supermercado/burger-bulgur-y-garbanzos-a-la-provenzal-carrefour-veggie-400-g/R-fprod1410102/p,Burger bulgur y garbanzos a la provenzal Carrefour Veggie 400 g.,"4,99 €",,"12,47 €/kg",,Congelados,Rebozados y Platos Preparados,,https://static.carrefour.es/hd_510x_/img_pim_food/361358_00_1.jpg
https://www.carrefour.es/supermercado/mascarilla-capilar-para-todo-tipo-de-cabello-carrefour-500-ml/R-prod820263/p,Mascarilla capilar para todo tipo de cabello Carrefour 500 ml.,"3,25 €",,"0,65 €/100ml",,Perfumería e Higiene,Cabello,Cuidado y Tratamientos del cabello,https://static.carrefour.es/hd_510x_/img_pim_food/264674_00_1.jpg
https://www.carrefour.es/supermercado/cocktail-de-frutos-secos-ecologico-carrefour-bio-125-g/R-VC4AECOMM-557339/p,Cocktail de frutos secos ecológico Carrefour Bio 125 g.,"2,19 €",,"17,52 €/kg",,La Despensa,Aperitivos,Frutos Secos,https://static.carrefour.es/hd_510x_/img_pim_food/557339_00_1.jpg
https://www.carrefour.es/supermercado/compresas-para-incontinencia-mini-discreet-ultra-tena-20-ud/R-521000609/p,Compresas para incontinencia mini Discreet Ultra Tena 20 ud.,"5,15 €",,"0,26 €/ud",,Perfumería e Higiene,Higiene íntima,Incontinencia,https://static.carrefour.es/hd_510x_/img_pim_food/363285_00_1.jpg
https://www.carrefour.es/supermercado/copos-de-maiz-tostado-sin-azucar-anadido-ecocesta-400-g/R-590205661/p,Copos de maíz tostado sin azúcar añadido EcoCesta 400 g.,"4,05 €",,"10,12 €/kg",,La Despensa,Desayuno,Cereales,https://static.carrefour.es/hd_510x_/img_pim_food/183045_00_1.jpg
https://www.carrefour.es/supermercado/galletas-de-barquillo-rellenas-sabor-nata-carrefour-210-g/R-VC4AECOMM-513757/p,Galletas de barquillo rellenas sabor nata Carrefour 210 g.,"0,99 €",,"4,71 €/kg",,La Despensa,Desayuno,Galletas,https://static.carrefour.es/hd_510x_/img_pim_food/513757_00_1.jpg
https://www.carrefour.es/supermercado/cerveza-carrefour-sin-alcohol-lata-33-cl/R-851600310/p,Cerveza Carrefour sin alcohol lata 33 cl.,"0,35 €",,"1,06 €/l
- 8,40 €/24 uds.",,Bebidas,Cerveza,Todas las Cervezas,https://static.carrefour.es/hd_510x_/img_pim_food/045339_00_1.jpg
https://www.carrefour.es/supermercado/tratamiento-revitalizante-cuero-cabelludo-seco-y-pelo-fragil-sin-aclarado-dia-y-noche-dermaxpro-hs-145-ml/R-VC4AECOMM-104249/p,Tratamiento revitalizante cuero cabelludo seco y pelo frágil sin aclarado día y noche DermaXPro H&S 145 ml.,"7,49 €",,"5,17 €/100ml",,Perfumería e Higiene,Cabello,Cuidado y Tratamientos del cabello,https://static.carrefour.es/hd_510x_/img_pim_food/104249_00_1.jpg
https://www.carrefour.es/supermercado/bragapanal-noche-carrefour-kids-talla-4-7-anos-17-30-kg-15-uds/R-551303185/p,Bragapañal noche Carrefour Kids Talla 4-7 años (17-30 Kg) 15 uds,"9,99 €",,"0,67 €/ud",,Bebé,Pañales y Toallitas,Pañales de Noche,https://static.carrefour.es/hd_510x_/img_pim_food/243581_00_1.jpg
https://www.carrefour.es/supermercado/gel-crema-de-dia-hyaluronic-vitamina-b5-olay-50-ml/R-VC4AECOMM-144476/p,Gel crema de día Hyaluronic + Vitamina B5 Olay 50 ml.,"35,80 €",,"71,60 €/100ml",,Perfumería e Higiene,Cosmética,Rostro,https://static.carrefour.es/hd_510x_/img_pim_food/144476_00_1.jpg
https://www.carrefour.es/supermercado/vino-tinto-semicrianza-bardesano-doca-rioja-75-cl/R-785509571/p,Vino tinto semicrianza Bardesano D.O.Ca. Rioja 75 cl.,"5,69 €",,"5,69 €/ud",,Bebidas,Vinos,Tinto,https://static.carrefour.es/hd_510x_/img_pim_food/875912_00_1.jpg
https://www.carrefour.es/supermercado/gel-de-ducha-menta-y-arbol-de-te-original-source-500-ml/R-VC4AECOMM-202062/p,Gel de ducha menta y árbol de té Original Source 500 ml.,"3,39 €",,"0,68 €/100ml",,Perfumería e Higiene,Baño e Higiene Corporal,Geles de Baño,https://static.carrefour.es/hd_510x_/img_pim_food/202062_00_1.jpg
https://www.carrefour.es/supermercado/bitter-kas-zero-pack-de-6-botellas-de-20-cl/R-VC4AECOMM-025298/p,Bitter Kas zero pack de 6 botellas de 20 cl.,"6,59 €",,"32,95 €/l",,Bebidas,Refrescos,Bitter y Ginger Ale,https://static.carrefour.es/hd_510x_/img_pim_food/025298_00_1.jpg
https://www.carrefour.es/supermercado/zumo-de-naranja-carrefour-exprimido-sin-pulpa-brik-1-l/R-829518667/p,Zumo de naranja Carrefour exprimido sin pulpa brik 1 l.,"1,99 €",,"1,99 €/l",,Bebidas,Aguas y Zumos,Zumos Refrigerados,https://static.carrefour.es/hd_510x_/img_pim_food/943690_00_1.jpg
https://www.carrefour.es/supermercado/pants-para-incontinencia-de-orina-normal-talla-l-absodys-carrefour-8-ud/R-VC4AECOMM-604852/p,Pants para incontinencia de orina normal talla L Absodys Carrefour 8 ud.,"8,25 €",,"1,03 €/ud",,Perfumería e Higiene,Higiene íntima,Incontinencia,https://static.carrefour.es/hd_510x_/img_pim_food/604852_00_1.jpg
https://www.carrefour.es/supermercado/locion-hidratante-corporal-suavinex-750-ml/R-730701886/p,Loción hidratante corporal Suavinex 750 ml.,"18,65 €",,"2,49 €/100ml",,Parafarmacia,Bebé,Hidratantes y Aceites Corporales,https://static.carrefour.es/hd_510x_/img_pim_food/681596_00_1.jpg
https://www.carrefour.es/supermercado/cafe-capsulas-espresso-lavazza-compatible-con-nespresso-10-ud/R-VC4AECOMM-372268/p,Café cápsulas espresso Lavazza compatible con Nespresso 10 ud.,"4,15 €",,"72,81 €/kg",,La Despensa,Desayuno,Cafés,https://static.carrefour.es/hd_510x_/img_pim_food/372268_00_1.jpg
https://www.carrefour.es/supermercado/pilas-alcalinas-carrefour-itech-9v-i44-6lr61-paquete-2/R-VC4AECOMM-706838/p,"Pilas Alcalinas Carrefour Itech 9V I44/ 6LR61, paquete 2","7,39 €",,"3,69 €/ud",,Limpieza y Hogar,Bazar,Pilas,https://static.carrefour.es/hd_510x_/img_pim_food/706838_00_1.jpg
https://www.carrefour.es/supermercado/fabada-asturiana-30-sal-y-grasas-litoral-sin-gluten-420-g/R-VC4AECOMM-440962/p,Fabada Asturiana -30% sal y grasas Litoral sin gluten 420 g.,"2,99 €",,"7,12 €/kg",,La Despensa,"Conservas, Sopas y Precocinados",Platos Tradicionales,https://static.carrefour.es/hd_510x_/img_pim_food/440962_00_1.jpg
https://www.carrefour.es/supermercado/pimientos-del-piquillo-de-lodosa-extra-carrefour-220-g/R-VC4AECOMM-094729/p,Pimientos del piquillo de Lodosa Extra Carrefour 220 g.,"3,39 €",,"15,41 €/kg",,La Despensa,"Conservas, Sopas y Precocinados",Conservas de Vegetales,https://static.carrefour.es/hd_510x_/img_pim_food/094729_00_1.jpg
https://www.carrefour.es/supermercado/peskitos-pescanova-400-g/R-521033656/p,Peskitos Pescanova 400 g.,"4,35 €",,"10,87 €/kg",,Congelados,Rebozados y Platos Preparados,,https://static.carrefour.es/hd_510x_/img_pim_food/003376_00_1.jpg
https://www.carrefour.es/supermercado/pepsi-zero-azucar-botella-175-cl/R-VC4AECOMM-689332/p,"Pepsi zero azúcar botella 1,75 cl.","1,50 €",,"0,86 €/l",,Bebidas,Refrescos,Colas,https://static.carrefour.es/hd_510x_/img_pim_food/689332_00_1.jpg
https://www.carrefour.es/supermercado/gildas-con-anchoa-de-nuestra-tierra-sin-gluten-y-sin-lactosa-90-g/R-fprod1230025/p,Gildas con anchoa De Nuestra Tierra sin gluten y sin lactosa 90 g.,"4,75 €",,"52,78 €/kg",,La Despensa,Aperitivos,Aceitunas y Encurtidos,https://static.carrefour.es/hd_510x_/img_pim_food/284061_00_1.jpg
https://www.carrefour.es/supermercado/bebida-de-avena-ecologica-ecocesta-sin-azucar-anadido-brik-1-l/R-prod750083/p,Bebida de avena ecológica EcoCesta sin azúcar añadido brik 1 l.,"2,39 €",,"2,39 €/l",,La Despensa,Lácteos,Bebida Vegetal,https://static.carrefour.es/hd_510x_/img_pim_food/858250_00_1.jpg
https://www.carrefour.es/supermercado/panales-dodot-sensitive-t2-4-8-kg-80-ud/R-829518813/p,Pañales Dodot Sensitive T2 (4-8 kg) 80 ud.,"28,90 €",,"0,36 €/ud",,Bebé,Pañales y Toallitas,Pañales Dodot,https://static.carrefour.es/hd_510x_/img_pim_food/964953_00_1.jpg
https://www.carrefour.es/supermercado/jamon-de-cebo-de-campo-iberico-50-raza-iberica-en-lonchas-altanera-90-g/R-VC4AECOMM-337569/p,Jamón de Cebo de Campo Ibérico 50% Raza Ibérica en lonchas Altanera 90 g,"8,59 €",,"95,44 €/kg",,Productos Frescos,Charcutería,Jamón Serrano e Ibérico Envasado,https://static.carrefour.es/hd_510x_/img_pim_food/337569_00_1.jpg
https://www.carrefour.es/supermercado/cafe-molido-natural-descafeinado-saimaza-250-g/R-521003014/p,Café molido natural descafeinado Saimaza 250 g.,"3,75 €",,"15,00 €/kg",,La Despensa,Desayuno,Cafés,https://static.carrefour.es/hd_510x_/img_pim_food/047436_00_1.jpg
https://www.carrefour.es/supermercado/pizza-de-bacon-y-provolone-carrefour-410-g/R-VC4AECOMM-184900/p,Pizza de bacon y provolone Carrefour 410 g,"4,95 €",,"12,07 €/kg",,Productos Frescos,Platos Preparados Cocinados,Pastas y Pizzas,https://static.carrefour.es/hd_510x_/img_pim_food/184900_00_1.jpg
https://www.carrefour.es/supermercado/mascara-gel-transparente-lashes-brows-fix-magic-studio-1-ud/R-VC4AECOMM-054580/p,Mascara gel transparente Lashes & Brows Fix Magic Studio 1 ud.,"2,25 €",,"2,25 €/ud",,Perfumería e Higiene,Cosmética,Ojos,https://static.carrefour.es/hd_510x_/img_pim_food/054580_00_1.jpg
https://www.carrefour.es/supermercado/suavizante-concentrado-jazmin-fresco-y-lavanda-silvestre-botanical-origin-50-lavados/R-VC4AECOMM-419031/p,Suavizante concentrado jazmín fresco y lavanda silvestre Botanical Origin 50 lavados.,"6,05 €",,"0,12 €/lavado",,Limpieza y Hogar,Cuidado de la Ropa,Suavizantes,https://static.carrefour.es/hd_510x_/img_pim_food/419031_00_1.jpg
https://www.carrefour.es/supermercado/maquinillas-desechables-flex-3-bic-4-ud/R-prod1120503/p,Maquinillas desechables Flex 3 Bic 4 ud.,"6,29 €",,"1,05 €/ud",,Perfumería e Higiene,Depilación y Afeitado,Maquinillas y Recambios,https://static.carrefour.es/hd_510x_/img_pim_food/171210_00_1.jpg
https://www.carrefour.es/supermercado/toallitas-de-bebe-dodot-sensitive-recambio-4x54-uds/R-682909200/p,Toallitas de Bebé Dodot Sensitive Recambio 4x54 uds,"12,09 €",,"0,06 €/ud",,Bebé,Pañales y Toallitas,Toallitas,https://static.carrefour.es/hd_510x_/img_pim_food/070160_00_1.jpg
https://www.carrefour.es/supermercado/ron-bacardi-limon-lata-25-cl/R-VC4AECOMM-808818/p,Ron Bacardí limón lata 25 cl.,"2,59 €",,"10,36 €/l",,,,,https://static.carrefour.es/hd_510x_/img_pim_food/808818_00_1.jpg
https://www.carrefour.es/supermercado/tetra-reptomin-energy-comida-para-totugas-acuaticas-250-ml/R-720861175/p,Tetra Reptomin Energy Comida para Totugas Acuáticas 250 ml,"7,59 €",,"30,36 €/l",,Mascotas,Peces y tortugas,Tortugas,https://static.carrefour.es/hd_510x_/img_pim_food/316758_00_1.jpg
https://www.carrefour.es/supermercado/albahaca-ecologica-carrefour-bio-12-g/R-521013609/p,Albahaca ecológica Carrefour Bio 12 g.,"2,35 €",,"195,83 €/kg",,La Despensa,Alimentación,Especias y Sazonadores,https://static.carrefour.es/hd_510x_/img_pim_food/447871_00_1.jpg
https://www.carrefour.es/supermercado/bebida-de-almendra-calcio-carrefour-sin-gluten-brik-1-l/R-VC4AECOMM-554218/p,Bebida de almendra calcio Carrefour sin gluten brik 1 l.,"1,25 €",,"1,25 €/l",,La Despensa,Lácteos,Bebida Vegetal,https://static.carrefour.es/hd_510x_/img_pim_food/554218_00_1.jpg
https://www.carrefour.es/supermercado/pandilla-sabor-queso-cheetos-75-g/R-521012477/p,Pandilla sabor queso Cheetos 75 g.,"1,85 €",,"24,67 €/kg",,La Despensa,Aperitivos,Snacks,https://static.carrefour.es/hd_510x_/img_pim_food/001831_00_1.jpg
https://www.carrefour.es/supermercado/rosca-serrana-con-jamon-curado-carrefour-el-mercado-480-g/R-prod810475/p,Rosca serrana con jamón curado Carrefour El Mercado 480 g,"3,59 €",,"7,48 €/kg",,Productos Frescos,Platos Preparados Cocinados,Pastas y Pizzas,https://static.carrefour.es/hd_510x_/img_pim_food/977566_00_1.jpg
https://www.carrefour.es/supermercado/bifidus-desnatado-con-muesli-y-cereales-classic-carrefour-sin-azucar-anadido-pack-de-4-unidades-de-125-g/R-521029598/p,Bífidus desnatado con muesli y cereales Classic´ Carrefour sin azúcar añadido pack de 4 unidades de 125 g.,"1,30 €",,"2,60 €/kg",,La Despensa,Yogures y Postres,Yogures Desnatados,https://static.carrefour.es/hd_510x_/img_pim_food/536237_00_1.jpg
https://www.carrefour.es/supermercado/chupete-nocturno-tetina-anatomica-de-silicona-6-18-meses-nightday-suavinex-2-ud/R-VC4AECOMM-625877/p,Chupete nocturno tetina anatómica de silicona 6-18 meses Night&Day Suavinex 2 ud.,"12,09 €",,"6,04 €/ud",,Bebé,Puericultura,"Chupetes, biberones y tetinas",https://static.carrefour.es/hd_510x_/img_pim_food/625877_00_1.jpg
https://www.carrefour.es/supermercado/limpiador-banos-higiene-profunda-cillit-bang-750-ml/R-546101974/p,Limpiador baños higiene profunda Cillit Bang 750 ml.,"5,99 €",,"7,99 €/l",,Limpieza y Hogar,Productos para Baño,Limpiadores Baño,https://static.carrefour.es/hd_510x_/img_pim_food/090276_00_1.jpg
https://www.carrefour.es/supermercado/tomate-cherry-rama-sharmita-premium-200-g/R-VC4AECOMM-199845/p,Tomate cherry rama sharmita premium 200 g,"2,54 €",,"12,70 €/kg",,Productos Frescos,Verduras y hortalizas,Tomates y Pepinos,https://static.carrefour.es/hd_510x_/img_pim_food/199845_00_1.jpg
https://www.carrefour.es/supermercado/protegeslip-maxi-ausonia-30-ud/R-prod731540/p,Protegeslip maxi Ausonia 30 ud.,"2,05 €",,"0,07 €/ud",,Perfumería e Higiene,Higiene íntima,Protege Slip,https://static.carrefour.es/hd_510x_/img_pim_food/857619_00_1.jpg
https://www.carrefour.es/supermercado/arroz-para-caldosos-sos-1-kg/R-818615346/p,Arroz para caldosos Sos 1 kg.,"3,05 €",,"3,05 €/kg",,La Despensa,Alimentación,Arroz y Cous Cous,https://static.carrefour.es/hd_510x_/img_pim_food/951157_00_1.jpg
https://www.carrefour.es/supermercado/trompeta-negra-deshidratada-bandeja-30-g/R-600709194/p,Trompeta negra deshidratada bandeja 30 g,"8,76 €",,"292,00 €/kg",,Productos Frescos,Verduras y hortalizas,Setas y Hongos,https://static.carrefour.es/hd_510x_/img_pim_food/286619_00_1.jpg
https://www.carrefour.es/supermercado/caracola-plus-1-ud/R-VC4AECOMM-938842/p,Caracola Plus 1 ud.,"0,80 €",,"0,80 €/ud",,Productos Frescos,Panadería Tradicional,Bollería Tradicional,https://static.carrefour.es/hd_510x_/img_pim_food/938842_00_1.jpg
https://www.carrefour.es/supermercado/set-de-25-cucharitas-de-postre-reutilizables/R-VC4AECOMM-024590/p,Set de 25 Cucharitas de Postre Reutilizables,"2,39 €",,"0,10 €/ud",,Limpieza y Hogar,Menaje,Menaje Desechable,https://static.carrefour.es/hd_510x_/img_pim_food/024590_00_1.jpg
https://www.carrefour.es/supermercado/ambientador-automatico-freshmatic-fragancia-oasis-turquesa-aparato-y-recambio-air-wick-1-ud/R-prod81179/p,Ambientador automático freshmatic fragancia oasis turquesa aparato y recambio Air Wick 1 ud.,"8,85 €",,"8,85 €/ud",,Limpieza y Hogar,Ambientadores,Automáticos,https://static.carrefour.es/hd_510x_/img_pim_food/215950_00_1.jpg
https://www.carrefour.es/supermercado/yogur-liquido-desnatado-pro-sabor-tropical-lindahls-sin-gluten-y-sin-lactosa-344-g/R-VC4AECOMM-213068/p,Yogur liquido desnatado pro+ sabor tropical Lindahls sin gluten y sin lactosa 344 g.,"2,05 €",,"5,96 €/kg",,La Despensa,Yogures y Postres,Yogures Líquidos,https://static.carrefour.es/hd_510x_/img_pim_food/213068_00_1.jpg
https://www.carrefour.es/supermercado/canitas-flexible-papel-varios-colores-unic-bioproducts-21-cm-100-ud/R-fprod1370019/p,Cañitas Flexible Papel Varios Colores UNIC BIOPRODUCTS 21 cm 100 ud,"3,05 €",,"0,03 €/ud",,Limpieza y Hogar,Menaje,Menaje Desechable,https://static.carrefour.es/hd_510x_/img_pim_food/344517_00_1.jpg
https://www.carrefour.es/supermercado/pistachos-cubiertos-de-chocolate-con-leche-lacasa-sin-gluten-y-sin-aceite-de-palma-doy-pack-100-g/R-prod440071/p,Pistachos cubiertos de chocolate con leche Lacasa sin gluten y sin aceite de palma doy pack 100 g.,"4,39 €",,"43,90 €/kg",,La Despensa,Dulce,Bombones y Chocolates,https://static.carrefour.es/hd_510x_/img_pim_food/824406_00_1.jpg
https://www.carrefour.es/supermercado/caldo-para-paella-de-carne-gallina-blanca-sin-gluten-1-l/R-prod370197/p,Caldo para paella de carne Gallina Blanca sin gluten 1 l.,"3,75 €",,"3,75 €/l",,La Despensa,"Conservas, Sopas y Precocinados","Caldos, Sopas y Pure",https://static.carrefour.es/hd_510x_/img_pim_food/430981_00_1.jpg
https://www.carrefour.es/supermercado/ensalada-mejicana-de-atun-calvo-150-g/R-835032984/p,Ensalada mejicana de atún Calvo 150 g.,"1,63 €",,"10,87 €/kg",,La Despensa,"Conservas, Sopas y Precocinados",Platos Preparados,https://static.carrefour.es/hd_510x_/img_pim_food/965411_00_1.jpg
https://www.carrefour.es/supermercado/ensalada-de-arroz-carrefour-250-g/R-521029286/p,Ensalada de arroz Carrefour 250 g.,"2,45 €",,"9,80 €/kg",,La Despensa,"Conservas, Sopas y Precocinados",Conservas de Vegetales,https://static.carrefour.es/hd_510x_/img_pim_food/716617_00_1.jpg
https://www.carrefour.es/supermercado/lomo-curado-en-lonchas-extrafinas-carrefour-el-mercado-sin-gluten-100-g/R-VC4AECOMM-164494/p,Lomo curado en lonchas extrafinas Carrefour El Mercado sin gluten 100 g,"2,95 €",,"29,50 €/kg",,Productos Frescos,Charcutería,"Chorizo, Lomo y Otros",https://static.carrefour.es/hd_510x_/img_pim_food/164494_00_1.jpg
https://www.carrefour.es/supermercado/limpiacristales-con-mopa-carrefour/R-609801524/p,Limpiacristales con Mopa CARREFOUR,"8,39 €",,"8,39 €/ud",,Limpieza y Hogar,Utensilios de Limpieza,"Escobas, Mopas y Recogedores",https://static.carrefour.es/hd_510x_/img_pim_food/475809_00_1.jpg
https://www.carrefour.es/supermercado/steak-vegetal-carrefour-veggie-400-g/R-VC4AECOMM-492887/p,Steak vegetal Carrefour Veggíe 400 g.,"4,75 €",,"11,87 €/kg",,La Despensa,"Conservas, Sopas y Precocinados",Platos Preparados,https://static.carrefour.es/hd_510x_/img_pim_food/492887_00_1.jpg
https://www.carrefour.es/supermercado/arepa-de-maiz-blanco-el-dorado-sin-gluten-5-ud/R-624703783/p,Arepa de maíz blanco El Dorado sin gluten 5 ud.,"4,05 €",,"9,00 €/kg",,Congelados,Rebozados y Platos Preparados,,https://static.carrefour.es/hd_510x_/img_pim_food/666274_00_1.jpg
https://www.carrefour.es/supermercado/galletas-con-chocolate-choco-biscuits-milka-150-g/R-521002891/p,Galletas con chocolate Choco Biscuits Milka 150 g.,"3,19 €",,"21,27 €/kg",,La Despensa,Desayuno,Galletas,https://static.carrefour.es/hd_510x_/img_pim_food/051235_00_1.jpg
https://www.carrefour.es/supermercado/tomate-con-pimiento-del-piquillo-extra-carrefour-sin-gluten-340-g/R-VC4AECOMM-095534/p,Tomate con pimiento del piquillo Extra Carrefour sin gluten 340 g,"1,93 €",,"5,68 €/kg",,La Despensa,"Conservas, Sopas y Precocinados",Conservas de Tomate,https://static.carrefour.es/hd_510x_/img_pim_food/095534_00_1.jpg
https://www.carrefour.es/supermercado/set-3-bayetas-ballerina-amarillas/R-521032833/p,Set 3 Bayetas BALLERINA - Amarillas,"2,59 €",,"0,86 €/ud",,Limpieza y Hogar,Utensilios de Limpieza,Bayetas Microfibra Atrapapolvo,https://static.carrefour.es/hd_510x_/img_pim_food/031893_00_1.jpg
https://www.carrefour.es/supermercado/yogur-natural-de-oveja-carrefour-original-pack-de-2-unidades-de-115-g/R-VC4AECOMM-164659/p,Yogur natural de oveja Carrefour Original pack de 2 unidades de 115 g.,"1,74 €",,"7,57 €/kg",,La Despensa,Yogures y Postres,Yogur Natural y Sabores,https://static.carrefour.es/hd_510x_/img_pim_food/164659_00_1.jpg
https://www.carrefour.es/supermercado/vela-perfumada-delicadezza-carrefour-essential-1-ud/R-VC4AECOMM-547806/p,Vela perfumada delicadezza Carrefour Essential 1 ud.,"1,79 €",,"1,79 €/ud",,Limpieza y Hogar,Ambientadores,Decorativos,https://static.carrefour.es/hd_510x_/img_pim_food/547806_00_1.jpg
https://www.carrefour.es/supermercado/desodorante-roll-on-dermo-extra-control-48h-antitranspirante-sanex-50-ml/R-prod64999/p,Desodorante roll-on dermo extra control 48h antitranspirante Sanex 50 ml.,"2,09 €",,"4,18 €/100ml",,Ofertas,,,https://static.carrefour.es/hd_510x_/img_pim_food/865961_00_1.jpg
https://www.carrefour.es/supermercado/aguardiente-antioqueno-1-l/R-745415896/p,Aguardiente Antioqueño 1 l.,"17,79 €",,"17,79 €/l",,,,,https://static.carrefour.es/hd_510x_/img_pim_food/737271_00_1.jpg
https://www.carrefour.es/supermercado/spirulina-y-vitamina-b12-sistema-inmunitario-pronutri-60-ud/R-VC4AECOMM-475993/p,Spirulina y vitamina B12 Sistema Inmunitario Pronutri 60 ud.,"5,65 €",,"188,33 €/kg",,La Despensa,Alimentación,Vitaminas y Complementos,https://static.carrefour.es/hd_510x_/img_pim_food/475993_00_1.jpg
https://www.carrefour.es/supermercado/dentifrico-para-dientes-sensibles-multiproteccion-sensodyne-75-ml/R-731184218/p,Dentífrico para dientes sensibles Multiprotección Sensodyne 75 ml.,"4,69 €",,"6,25 €/100ml",,Perfumería e Higiene,Boca y Sonrisa,Dentífricos,https://static.carrefour.es/hd_510x_/img_pim_food/683645_00_1.jpg
https://www.carrefour.es/supermercado/desodorante-en-spray-cream-care-48h-antitranspirante-crema-hidratante-0-alcohol-carrefour-soft-200-ml/R-VC4AECOMM-670975/p,Desodorante en spray cream care 48h antitranspirante crema hidratante 0% alcohol Carrefour Soft 200 ml.,"1,70 €",,"0,85 €/100ml",,Perfumería e Higiene,Baño e Higiene Corporal,Desodorantes,https://static.carrefour.es/hd_510x_/img_pim_food/670975_00_1.jpg
https://www.carrefour.es/supermercado/horquilla-clasicas-negras-ponette-20-ud/R-prod930267/p,Horquilla clásicas negras Ponette 20 ud.,"1,77 €",,"0,09 €/ud",,Perfumería e Higiene,Cabello,"Cepillos, Peines y Accesorios",https://static.carrefour.es/hd_510x_/img_pim_food/943569_00_1.jpg
https://www.carrefour.es/supermercado/leche-de-crecimiento-hipp-combiotik-3-800-g/R-prod810297/p,Leche de crecimiento HiPP Combiotik 3 800 g.,"24,90 €",,"31,12 €/kg",,Parafarmacia,Bebé,Leche infantil,https://static.carrefour.es/hd_510x_/img_pim_food/088145_00_1.jpg
https://www.carrefour.es/supermercado/galletas-cookies-bombon-airos-sin-gluten-230-gr/R-VC4AECOMM-186744/p,Galletas Cookies bombón Airos sin gluten 230 gr.,"4,65 €",,"20,22 €/kg",,La Despensa,Desayuno,Galletas,https://static.carrefour.es/hd_510x_/img_pim_food/186744_00_1.jpg
https://www.carrefour.es/supermercado/yogur-natural-de-leche-de-vaca-ecologica-carrefour-bio-420-g/R-521034442/p,Yogur natural de leche de vaca ecológica Carrefour Bio 420 g.,"2,75 €",,"6,55 €/kg",,La Despensa,Yogures y Postres,Yogur Natural y Sabores,https://static.carrefour.es/hd_510x_/img_pim_food/417491_00_1.jpg
https://www.carrefour.es/supermercado/margarina-con-omega-3-carrefour-500-g/R-prod830407/p,Margarina con Omega 3 Carrefour 500 g.,"2,25 €",,"4,50 €/kg",,La Despensa,Lácteos,Mantequillas y Margarinas,https://static.carrefour.es/hd_510x_/img_pim_food/299603_00_1.jpg
https://www.carrefour.es/supermercado/aguarras-profesional-pqs-botella-1l/R-VC4AECOMM-090106/p,Aguarras profesional Pqs botella 1L,"5,39 €",,"5,39 €/ud",,Limpieza y Hogar,Bazar,Herramientas,https://static.carrefour.es/hd_510x_/img_pim_food/090106_00_1.jpg
https://www.carrefour.es/supermercado/arroz-basmati-para-microondas-brillante-pack-de-2-unidades-de-125-g/R-521005542/p,Arroz basmati para microondas Brillante pack de 2 unidades de 125 g.,"1,34 €",,"5,36 €/kg",,La Despensa,Alimentación,Arroz y Cous Cous,https://static.carrefour.es/hd_510x_/img_pim_food/449472_00_1.jpg
https://www.carrefour.es/supermercado/maquinillas-desechables-blue-ii-plus-gillette-14-ud/R-VC4AECOMM-306145/p,Maquinillas desechables Blue II Plus Gillette 14 ud.,"12,09 €",,"0,86 €/ud",,Perfumería e Higiene,Depilación y Afeitado,Maquinillas y Recambios,https://static.carrefour.es/hd_510x_/img_pim_food/306145_00_1.jpg
https://www.carrefour.es/supermercado/tataki-fresco-de-lomo-de-vacuno-el-encinar-de-humienta-500-g-aprox/R-VC4AECOMM-679059/p,Tataki fresco de lomo de vacuno El Encinar de Humienta 500 g aprox,"9,16 €",,"22,90 €/kg",,Productos Frescos,Carnicería,Vacuno,https://static.carrefour.es/hd_510x_/img_pim_food/679059_00_1.jpg
https://www.carrefour.es/supermercado/snacks-de-salmon-para-gatos-catisfactions-180-g/R-829041947/p,Snacks de salmón para gatos Catisfactions 180 g.,"4,49 €",,"24,94 €/kg",,Mascotas,Gatos,Premios y Snacks,https://static.carrefour.es/hd_510x_/img_pim_food/963483_00_1.jpg
https://www.carrefour.es/supermercado/coloracion-permanente-sin-amoniaco-cabellos-delicados-n-30-castano-oscuro-colour-clinuance-cleare-institute-1-ud/R-prod170087/p,Coloración permanente sin amoniaco cabellos delicados nº 3.0 castaño oscuro Colour Clinuance Clearé Institute 1 ud.,"6,89 €",,"6,89 €/ud",,Parafarmacia,Cabello,Tintes,https://static.carrefour.es/hd_510x_/img_pim_food/236102_00_1.jpg
https://www.carrefour.es/supermercado/preparado-para-cuajada-royal-60-g/R-prod261158/p,Preparado para cuajada Royal 60 g.,"2,35 €",,"39,17 €/kg",,La Despensa,Dulce,Repostería,https://static.carrefour.es/hd_510x_/img_pim_food/295104_00_1.jpg
https://www.carrefour.es/supermercado/salchichas-alemanas-poppenburger-200-g/R-590201925/p,Salchichas alemanas Poppenburger 200 g.,"5,15 €",,"25,75 €/kg",,La Despensa,"Conservas, Sopas y Precocinados",Conservas de Carne,https://static.carrefour.es/hd_510x_/img_pim_food/036774_00_1.jpg
https://www.carrefour.es/supermercado/kefir-pastoret-sin-gluten-500-g/R-prod66389/p,Kéfir Pastoret sin gluten 500 g.,"2,45 €",,"4,90 €/kg",,La Despensa,Yogures y Postres,Yogur Natural y Sabores,https://static.carrefour.es/hd_510x_/img_pim_food/907161_00_1.jpg
https://www.carrefour.es/supermercado/esponja-de-bano-suave-carrefour-2-ud/R-fprod1280614/p,Esponja de baño suave Carrefour 2 ud.,"1,30 €",,"0,65 €/ud",,Perfumería e Higiene,Baño e Higiene Corporal,"Esponjas, Manoplas y Cepillos de Baño",https://static.carrefour.es/hd_510x_/img_pim_food/331205_00_1.jpg
https://www.carrefour.es/supermercado/bacon-ahumado-en-lonchas-el-pozo-pack-de-2-unidades-de-180-g-envase-de-360-g/R-590503030/p,Bacon ahumado en lonchas El Pozo pack de 2 unidades de 180 g envase de 360 g,"5,25 €",,"14,58 €/kg",,Productos Frescos,Charcutería,Bacon y Panceta,https://static.carrefour.es/hd_510x_/img_pim_food/194807_00_1.jpg
https://www.carrefour.es/supermercado/vermut-zarro-reserva-especial-1-l/R-590212313/p,Vermut Zarro reserva especial 1 l.,"8,59 €",,"8,59 €/l",,,,,https://static.carrefour.es/hd_510x_/img_pim_food/405455_00_1.jpg
https://www.carrefour.es/supermercado/gel-de-ducha-hidratante-essential-care-natural-honey-1350-ml/R-844100705/p,Gel de ducha hidratante Essential Care Natural Honey 1350 ml.,"4,39 €",,"0,33 €/100ml",,Perfumería e Higiene,Baño e Higiene Corporal,Geles de Baño,https://static.carrefour.es/hd_510x_/img_pim_food/987023_00_1.jpg
https://www.carrefour.es/supermercado/vino-tinto-reserva-tempranillo-luis-canas-do-rioja-75-cl/R-699507663/p,Luis Cañas Reserva 2017,"17,89 €",,"17,89 €/ud",,Bebidas,Vinos,Tinto,https://static.carrefour.es/hd_510x_/img_pim_food/161342_00_1.jpg
https://www.carrefour.es/supermercado/pitahaya-roja-a-granel-500-g-aprox/R-prod1140328/p,Pitahaya roja a granel 500 g aprox,"5,07 €",,"10,15 €/kg",,Productos Frescos,Frutas,"Piñas, Kiwis, Aguacates y Tropicales",https://static.carrefour.es/hd_510x_/img_pim_food/053771_00_1.jpg
https://www.carrefour.es/supermercado/fideos-orientales-de-pollo-yatekomo-gallina-blanca-pack-de-4-unidades-de-60-g/R-870701785/p,Fideos orientales de pollo Yatekomo Gallina Blanca pack de 4 unidades de 60 g.,"5,55 €",,"23,12 €/kg",,La Despensa,"Conservas, Sopas y Precocinados",Platos Preparados,https://static.carrefour.es/hd_510x_/img_pim_food/179185_00_1.jpg
https://www.carrefour.es/supermercado/pistachos-tostados-y-salados-ecologicos-carrefour-bio-125-g/R-827510468/p,Pistachos tostados y salados ecológicos Carrefour Bio 125 g.,"3,15 €",,"25,20 €/kg",,La Despensa,Aperitivos,Frutos Secos,https://static.carrefour.es/hd_510x_/img_pim_food/962141_00_1.jpg
https://www.carrefour.es/supermercado/nuggets-de-pollo-recetas-crujientes-la-cocinera-sin-gluten-y-sin-lactosa-455-g/R-VC4AECOMM-447513/p,Nuggets de pollo Recetas Crujientes La Cocinera sin gluten y sin lactosa 455 g.,"7,69 €",,"16,90 €/kg",,Congelados,Rebozados y Platos Preparados,,https://static.carrefour.es/hd_510x_/img_pim_food/447513_00_1.jpg
https://www.carrefour.es/supermercado/geles-dulces-sabor-nata-y-fresa-lanzas-damel-290-g/R-VC4AECOMM-387974/p,Geles dulces sabor nata y fresa Lanzas Damel 290 g.,"1,88 €",,"7,52 €/kg",,La Despensa,Dulce,Dulces y Golosinas,https://static.carrefour.es/hd_510x_/img_pim_food/387974_00_1.jpg
https://www.carrefour.es/supermercado/pan-de-molde-integral-800-g/R-795756460/p,Pan de molde integral 800 g,"2,69 €",,"3,36 €/kg",,Productos Frescos,Panadería Tradicional,Pan Tradicional,https://static.carrefour.es/hd_510x_/img_pim_food/896691_00_1.jpg
https://www.carrefour.es/supermercado/maquinillas-desechables-venus-oceana-gillette-3-ud/R-530363076/p,Maquinillas desechables Venus Oceana Gillette 3 ud.,"7,09 €",,"2,36 €/ud",,Perfumería e Higiene,Depilación y Afeitado,Maquinillas y Recambios,https://static.carrefour.es/hd_510x_/img_pim_food/159910_00_1.jpg
https://www.carrefour.es/supermercado/crema-depilatoria-con-aloe-vera-y-manteca-de-karite-piel-sensible-carrefour-soft-200-ml/R-VC4AECOMM-570012/p,Crema depilatoria con aloe vera y manteca de karité piel sensible Carrefour Soft 200 ml.,"3,65 €",,"1,82 €/100ml",,Perfumería e Higiene,Depilación y Afeitado,Depilación,https://static.carrefour.es/hd_510x_/img_pim_food/570012_00_1.jpg
https://www.carrefour.es/supermercado/crema-de-noche-bright-boost-neutrogena-50-ml/R-VC4AECOMM-499410/p,Crema de noche Bright Boost Neutrogena 50 ml.,"23,60 €",,"47,20 €/100ml",,Parafarmacia,Cuidado e higiene facial,Cremas faciales,https://static.carrefour.es/hd_510x_/img_pim_food/499410_00_1.jpg
https://www.carrefour.es/supermercado/agua-de-colonia-gotas-frescas-familia-instituto-espanol-80-ml/R-VC4AECOMM-200101/p,Agua de colonia Gotas Frescas Familia Instituto Español 80 ml.,"3,39 €",,"4,24 €/100ml",,Perfumería e Higiene,Baño e Higiene Corporal,Colonias,https://static.carrefour.es/hd_510x_/img_pim_food/200101_00_1.jpg
https://www.carrefour.es/supermercado/desodorante-roll-on-antitranspirante-original-proteccion-48h-advanced-care-dove-50-ml/R-VC4AECOMM-195443/p,Desodorante roll-on antitranspirante original protección 48h Advanced Care Dove 50 ml.,"2,49 €",,"4,98 €/100ml",,Perfumería e Higiene,Baño e Higiene Corporal,Desodorantes,https://static.carrefour.es/hd_510x_/img_pim_food/195443_00_1.jpg
https://www.carrefour.es/supermercado/aceite-de-girasol-capicua-garrafa-5-l/R-521033463/p,Aceite de girasol Capicua garrafa 5 l.,"21,90 €",,"4,38 €/l",,La Despensa,Alimentación,Aceites y vinagres,https://static.carrefour.es/hd_510x_/img_pim_food/039388_00_1.jpg
https://www.carrefour.es/supermercado/leche-fermentada-liquida-con-avenadanone-danacol-sin-gluten-y-sin-azucar-anadido-pack-de-6-unidades-de-100-g/R-prod880797/p,Leche fermentada líquida con avenaDanone Danacol sin gluten y sin azúcar añadido pack de 6 unidades de 100 g.,"3,85 €",,"6,42 €/kg",,La Despensa,Yogures y Postres,"Colesterol, Óseo y Tensión",https://static.carrefour.es/hd_510x_/img_pim_food/029440_00_1.jpg
https://www.carrefour.es/supermercado/gel-de-ducha-hidratacion-profunda-dove-pack-3-unidades-400-ml/R-VC4AECOMM-487680/p,Gel de ducha hidratación profunda Dove pack 3 unidades 400 ml.,"10,67 €",,"0,89 €/100ml",,Perfumería e Higiene,Baño e Higiene Corporal,Geles de Baño,https://static.carrefour.es/hd_510x_/img_pim_food/487680_00_1.jpg
https://www.carrefour.es/supermercado/pate-50-grasa-la-piara-pack-de-2-unidades-de-73-g/R-521011521/p,Paté -50% grasa La Piara pack de 2 unidades de 73 g.,"4,15 €",,"28,42 €/kg",,Productos Frescos,Charcutería,"Foie, Patés y Sobrasadas",https://static.carrefour.es/hd_510x_/img_pim_food/795420_00_1.jpg
https://www.carrefour.es/supermercado/pepinillos-teriyaki-rioverde-sin-gluten-120-g/R-VC4AECOMM-366830/p,Pepinillos teriyaki Rioverde sin gluten 120 g.,"1,84 €",,"15,33 €/kg",,La Despensa,Aperitivos,Aceitunas y Encurtidos,https://static.carrefour.es/hd_510x_/img_pim_food/366830_00_1.jpg
https://www.carrefour.es/supermercado/desmaquillantes-waterproof-carrefour-soft-150-ml/R-VC4AECOMM-064360/p,Desmaquillantes waterproof Carrefour Soft 150 ml.,"1,99 €",,"1,33 €/100ml",,Perfumería e Higiene,Cuidado y Protección Corporal,Limpieza Facial,https://static.carrefour.es/hd_510x_/img_pim_food/064360_00_1.jpg
https://www.carrefour.es/supermercado/compresas-noche-extra-con-alas-cottonlike-evax-16-ud/R-VC4AECOMM-747798/p,Compresas noche extra con alas Cottonlike Evax 16 ud.,"4,69 €",,"0,29 €/ud",,Perfumería e Higiene,Higiene íntima,Compresas,https://static.carrefour.es/hd_510x_/img_pim_food/747798_00_1.jpg
https://www.carrefour.es/supermercado/zumo-de-naranja-carrefour-con-pulpa-brik-1-l/R-823705656/p,Zumo de naranja Carrefour con pulpa brik 1 l.,"1,75 €",,"1,75 €/l",,Bebidas,Aguas y Zumos,Zumos no Refrigerados,https://static.carrefour.es/hd_510x_/img_pim_food/958508_00_1.jpg
https://www.carrefour.es/supermercado/cafe-seleccion-barista-en-capsulas-lor-espresso-compatible-con-nespresso-10-unidades-de-52-g/R-VC4AECOMM-514805/p,"Café selección barista en cápsulas L'Or Espresso compatible con Nespresso 10 unidades de 5,2 g.","3,95 €",,"75,96 €/kg",,La Despensa,Desayuno,Cafés,https://static.carrefour.es/hd_510x_/img_pim_food/514805_00_1.jpg
https://www.carrefour.es/supermercado/salsa-mexicana-suave-sensation-carrefour-300-g/R-VC4AECOMM-696578/p,Salsa mexicana suave Sensation Carrefour 300 g.,"1,25 €",,"4,17 €/kg",,La Despensa,Alimentación,Salsas y Tomate Frito,https://static.carrefour.es/hd_510x_/img_pim_food/696578_00_1.jpg
https://www.carrefour.es/supermercado/gel-de-afeitar-frescor-piel-normal-carrefour-men-200-ml/R-VC4AECOMM-093681/p,Gel de afeitar frescor piel normal Carrefour Men 200 ml.,"1,77 €",,"0,88 €/100ml",,Perfumería e Higiene,Depilación y Afeitado,Afeitado,https://static.carrefour.es/hd_510x_/img_pim_food/093681_00_1.jpg
https://www.carrefour.es/supermercado/pechuga-de-pollo-en-lonchas-campofrio-finissimas-sin-gluten-sin-lactosa-170-g/R-VC4AECOMM-695566/p,Pechuga de pollo en lonchas Campofrío - Finissimas sin gluten sin lactosa 170 g.,"2,89 €",,"17,00 €/kg",,Productos Frescos,Charcutería,Fiambre de Pavo y Pollo,https://static.carrefour.es/hd_510x_/img_pim_food/695566_00_1.jpg
https://www.carrefour.es/supermercado/perfumador-para-la-ropa-azul-flor-36-lavados/R-VC4AECOMM-066737/p,Perfumador para la ropa azul Flor 36 lavados.,"5,45 €",,"7,57 €/l",,Limpieza y Hogar,Cuidado de la Ropa,Suavizantes,https://static.carrefour.es/hd_510x_/img_pim_food/066737_00_1.jpg
https://www.carrefour.es/supermercado/cepillo-interdental-nano-interprox-6-ud/R-590502556/p,Cepillo interdental nano Interprox 6 ud.,"6,45 €",,"1,07 €/ud",,Parafarmacia,Higiene Bucal,Cepillos y Seda,https://static.carrefour.es/hd_510x_/img_pim_food/150998_00_1.jpg
https://www.carrefour.es/supermercado/desodorante-en-spray-antitranspirante-48h-invisible-carrefour-soft-200-ml/R-VC4AECOMM-658674/p,Desodorante en spray antitranspirante 48h Invisible Carrefour Soft 200 ml.,"1,70 €",,"0,85 €/100ml",,Perfumería e Higiene,Baño e Higiene Corporal,Desodorantes,https://static.carrefour.es/hd_510x_/img_pim_food/658674_00_1.jpg
https://www.carrefour.es/supermercado/piezas-mediterraneas-100-vegetal-sensational-garden-gourmet-160-g/R-VC4AECOMM-237186/p,Piezas mediterráneas 100% Vegetal Sensational Garden Gourmet 160 g.,"4,29 €",,"26,81 €/kg",,Congelados,Rebozados y Platos Preparados,,https://static.carrefour.es/hd_510x_/img_pim_food/237186_00_1.jpg
https://www.carrefour.es/supermercado/cerveza-00-alcohol-carrefour-lata-33-cl/R-784712295/p,"Cerveza 0,0% alcohol Carrefour lata 33 cl.","0,35 €",,"1,06 €/l
- 8,40 €/24 uds.",,Bebidas,Cerveza,Sin Alcohol,https://static.carrefour.es/hd_510x_/img_pim_food/874903_00_1.jpg
https://www.carrefour.es/supermercado/pan-rallado-carrefour-750-g/R-805763831/p,Pan rallado Carrefour 750 g.,"0,90 €",,"1,20 €/kg",,La Despensa,"Panaderia, Bollería y Pastelería",Pan rallado y rebozados,https://static.carrefour.es/hd_510x_/img_pim_food/924985_00_1.jpg
https://www.carrefour.es/supermercado/surtido-de-mini-pastelitos-carrefour-el-mercado-8-piezas/R-VC4AECOMM-246148/p,Surtido de mini pastelitos Carrefour El Mercado 8 piezas,"7,99 €",,"22,19 €/kg",,Productos Frescos,Panadería Tradicional,Pastelería y Repostería,https://static.carrefour.es/hd_510x_/img_pim_food/246148_00_1.jpg
https://www.carrefour.es/supermercado/cafe-con-leche-en-capsulas-marcilla-tassimo-16-unidades-de-115-g/R-852200328/p,"Café con leche en cápsulas Marcilla Tassimo 16 unidades de 11,5 g.","5,15 €",,"27,99 €/kg",,La Despensa,Desayuno,Cafés,https://static.carrefour.es/hd_510x_/img_pim_food/061403_00_1.jpg
https://www.carrefour.es/supermercado/barritas-de-proteinas-plus-krissia-300-g/R-VC4AECOMM-790131/p,Barritas de Proteínas Plus Krissia 300 g,"4,65 €",,"15,50 €/kg",,Productos Frescos,Pescadería,Surimi y Elaborados,https://static.carrefour.es/hd_510x_/img_pim_food/790131_00_1.jpg
https://www.carrefour.es/supermercado/gazpacho-suave-sin-pepino-extra-carrefour-sin-gluten-1-l/R-521030391/p,Gazpacho suave sin pepino Extra Carrefour sin gluten 1 l.,"1,99 €",,"1,99 €/l",,La Despensa,"Conservas, Sopas y Precocinados",Gazpacho y Salmorejo,https://static.carrefour.es/hd_510x_/img_pim_food/452947_00_1.jpg
https://www.carrefour.es/supermercado/kebab-vacuno-loncheado-clavo-400-g/R-prod440042/p,Kebab vacuno loncheado Clavo 400 g.,"6,39 €",,"15,97 €/kg",,La Despensa,"Conservas, Sopas y Precocinados",Platos Preparados,https://static.carrefour.es/hd_510x_/img_pim_food/824538_00_1.jpg
https://www.carrefour.es/supermercado/crema-de-queso-azul-carrefour-sin-gluten-125-g/R-VC4AECOMM-563546/p,Crema de queso azul Carrefour sin gluten 125 g.,"1,56 €",,"12,48 €/kg",,Productos Frescos,Quesos,Crema de queso,https://static.carrefour.es/hd_510x_/img_pim_food/563546_00_1.jpg
https://www.carrefour.es/supermercado/aceite-de-oliva-intenso-1-la-espanola-1-l/R-828922423/p,Aceite de oliva intenso 1º La Española 1 l.,"11,21 €",,"11,21 €/l",,La Despensa,Alimentación,Aceites y vinagres,https://static.carrefour.es/hd_510x_/img_pim_food/964037_00_1.jpg
https://www.carrefour.es/supermercado/bebida-isotonica-carrefour-sin-gas-sabor-limon-botella-15-l/R-657201693/p,"Bebida Isotónica Carrefour sin gas sabor limón botella 1,5 l.","0,98 €",,"0,65 €/l",,Bebidas,Refrescos,Isotónicas,https://static.carrefour.es/hd_510x_/img_pim_food/309180_00_1.jpg
https://www.carrefour.es/supermercado/100-clips-niquelados-carrefour/R-606509661/p,100 Clips Niquelados Carrefour,"1,79 €",,"0,02 €/ud",,Limpieza y Hogar,Papelería,Pequeño Accesorio,https://static.carrefour.es/hd_510x_/img_pim_food/360806_00_1.jpg
https://www.carrefour.es/supermercado/detergente-gel-poder-quitamanchas-vanish-oxi-action-advanced-colon-40-lavados/R-fprod1320013/p,Detergente gel poder quitamanchas Vanish Oxi Action Advanced Colon 40 lavados.,"14,15 €",,"0,35 €/lavado",,Limpieza y Hogar,Cuidado de la Ropa,Detergentes,https://static.carrefour.es/hd_510x_/img_pim_food/334081_00_1.jpg
https://www.carrefour.es/supermercado/garbanzo-pedrosillano-categoria-extra-de-nuestra-tierra-1-kg/R-521005461/p,Garbanzo pedrosillano categoría extra De Nuestra Tierra 1 kg.,"3,59 €",,"3,59 €/kg",,La Despensa,Alimentación,Legumbres,https://static.carrefour.es/hd_510x_/img_pim_food/467754_00_1.jpg
https://www.carrefour.es/supermercado/coca-cola-pack-4-botellas-50-cl/R-634001753/p,Coca Cola pack 4 botellas 50 cl.,"4,99 €",,"2,49 €/l",,Bebidas,Refrescos,Colas,https://static.carrefour.es/hd_510x_/img_pim_food/809531_00_1.jpg
https://www.carrefour.es/supermercado/fiambre-de-pechuga-de-pavo-en-lonchas-el-pozo-sin-gluten-80-g/R-VC4AECOMM-135083/p,Fiambre de Pechuga de Pavo en lonchas El Pozo sin gluten 80 g,"1,00 €",,"12,50 €/kg",,Productos Frescos,Charcutería,Fiambre de Pavo y Pollo,https://static.carrefour.es/hd_510x_/img_pim_food/135083_00_1.jpg
https://www.carrefour.es/supermercado/vino-tinto-joven-tempranillo-pradorey-do-ribera-del-duero-75-cl/R-546004003/p,Pradorey Roble Origen Tinto 2023,"7,65 €",,"7,65 €/ud",,Bebidas,Vinos,Tinto,https://static.carrefour.es/hd_510x_/img_pim_food/371759_00_1.jpg
https://www.carrefour.es/supermercado/pincho-moruno-de-pollo-marinado-adobado-carrefour-310-g/R-VC4AECOMM-770262/p,Pincho Moruno de Pollo Marinado Adobado Carrefour 310 g,"3,40 €",,"10,97 €/kg",,Productos Frescos,Carnicería,Otras carnes,https://static.carrefour.es/hd_510x_/img_pim_food/770262_00_1.jpg
https://www.carrefour.es/supermercado/patatas-fritas-especial-horno-carrefour-classic-600-g/R-805525733/p,Patatas fritas especial horno Carrefour Classic' 600 g.,"1,78 €",,"2,97 €/kg",,Congelados,Salteados Congelados,,https://static.carrefour.es/hd_510x_/img_pim_food/924179_00_1.jpg
https://www.carrefour.es/supermercado/la-gula-del-norte-trufa-200-g/R-VC4AECOMM-249229/p,La Gula del Norte trufa 200 g,"7,95 €",,"39,75 €/kg",,Productos Frescos,Pescadería,Surimi y Elaborados,https://static.carrefour.es/hd_510x_/img_pim_food/249229_00_1.jpg
https://www.carrefour.es/supermercado/dentifrico-proteccion-anticaries-protege-encias-con-fluor-y-calcio-sabor-fresa-para-ninos-6-anos-junior-lacer-75-ml/R-590507982/p,Dentífrico protección anticaries protege encías con flúor y calcio sabor fresa para niños +6 años Júnior Lacer 75 ml.,"4,99 €",,"6,65 €/100ml",,Parafarmacia,Higiene Bucal,Pasta de dientes,https://static.carrefour.es/hd_510x_/img_pim_food/548496_00_1.jpg
https://www.carrefour.es/supermercado/pack-2x100-notas-adhesivas-76x76/R-VC4AECOMM-886022/p,Pack 2X100 notas adhesivas 76X76,"2,39 €",,"1,19 €/ud",,Limpieza y Hogar,Papelería,Pequeño Accesorio,https://static.carrefour.es/hd_510x_/img_pim_food/886022_00_1.jpg
https://www.carrefour.es/supermercado/lenteja-pardina-don-pedro-1-kg/R-prod100389/p,Lenteja pardina Don Pedro 1 kg.,"3,52 €",,"3,52 €/kg",,La Despensa,Alimentación,Legumbres,https://static.carrefour.es/hd_510x_/img_pim_food/911318_00_1.jpg
https://www.carrefour.es/supermercado/tinte-creme-n-10-rubio-clarisimo-aclarante-loreal-excellence-1-ud/R-520663551/p,Tinte creme nº 10 Rubio Clarisimo Aclarante L'Oréal Excellence 1 ud.,"8,89 €",,"8,89 €/ud",,Perfumería e Higiene,Cabello,Tinte,https://static.carrefour.es/hd_510x_/img_pim_food/000966_00_1.jpg
https://www.carrefour.es/supermercado/cera-protectora-para-ortodoncia-vitis-1-ud/R-590508802/p,Cera protectora para ortodoncia Vitis 1 ud.,"9,05 €",,"9,05 €/ud",,Parafarmacia,Higiene Bucal,Ortodoncia,https://static.carrefour.es/hd_510x_/img_pim_food/554581_00_1.jpg
https://www.carrefour.es/supermercado/crema-volume-filler-contorno-ojos-eucerin-15-ml/R-709601843/p,Crema Volume Filler contorno ojos Eucerin 15 ml.,"26,50 €",,"176,67 €/100ml",,Parafarmacia,Cuidado e higiene facial,Cremas faciales,https://static.carrefour.es/hd_510x_/img_pim_food/424162_00_1.jpg
https://www.carrefour.es/supermercado/cogollos-carrefour-400-g/R-VC4AECOMM-235347/p,Cogollos Carrefour 400 g,"1,11 €",,"2,77 €/kg",,Productos Frescos,Verduras y hortalizas,Ensaladas y Verduras Preparadas,https://static.carrefour.es/hd_510x_/img_pim_food/235347_00_1.jpg
https://www.carrefour.es/supermercado/pasta-pinones-gallo-450-g/R-VC4AECOMM-556088/p,Pasta piñones Gallo 450 g.,"1,41 €",,"3,13 €/kg",,La Despensa,Alimentación,Pastas,https://static.carrefour.es/hd_510x_/img_pim_food/556088_00_1.jpg
https://www.carrefour.es/supermercado/pintxo-a-la-donostiarra-con-gambas-aguinamar-200-g/R-prod730753/p,Pintxo a la donostiarra con gambas Aguinamar 200 g,"3,45 €",,"19,17 €/kg",,Productos Frescos,Pescadería,Surimi y Elaborados,https://static.carrefour.es/hd_510x_/img_pim_food/855142_00_1.jpg
https://www.carrefour.es/supermercado/tinto-de-verano-clasico-carrefour-sensation-15-l/R-VC4AECOMM-258339/p,"Tinto de verano clásico Carrefour Sensation 1,5 l.","1,05 €",,"0,70 €/l",,Bebidas,Vinos,Sangría y Tinto de Verano,https://static.carrefour.es/hd_510x_/img_pim_food/258339_00_1.jpg
https://www.carrefour.es/supermercado/bebida-de-avena-sin-azucar-anadido-ecologica-carrefour-bio-brik-1-l/R-VC4AECOMM-580534/p,Bebida de avena sin azúcar añadido ecológica Carrefour Bio Brik 1 l.,"1,49 €",,"1,49 €/l",,La Despensa,Lácteos,Bebida Vegetal,https://static.carrefour.es/hd_510x_/img_pim_food/580534_00_1.jpg
https://www.carrefour.es/supermercado/picos-artesanos-con-aceite-de-oliva-y-ajo-carrefour-230-g/R-526104395/p,Picos artesanos con aceite de oliva y ajo Carrefour 230 g,"1,59 €",,"6,91 €/kg",,La Despensa,"Panaderia, Bollería y Pastelería","Colines, picos y crakers",https://static.carrefour.es/hd_510x_/img_pim_food/261264_00_1.jpg
https://www.carrefour.es/supermercado/palomitas-de-colores-frit-ravich-sin-gluten-130-g/R-603504336/p,Palomitas de colores Frit Ravich sin gluten 130 g.,"1,62 €",,"14,73 €/kg",,La Despensa,Aperitivos,Palomitas,https://static.carrefour.es/hd_510x_/img_pim_food/372212_00_1.jpg
https://www.carrefour.es/supermercado/palitos-zanahoria-vaso-165-g/R-VC4AECOMM-087535/p,Palitos zanahoria vaso 165 g,"1,87 €",,"11,33 €/kg",,Productos Frescos,Verduras y hortalizas,Ensaladas y Verduras Preparadas,https://static.carrefour.es/hd_510x_/img_pim_food/087535_00_1.jpg
https://www.carrefour.es/supermercado/salmon-ahumado-ecologico-carrefour-bio-85-g/R-VC4AECOMM-713862/p,Salmón ahumado ecológico Carrefour Bio 85 g.,"4,15 €","3,29 €","48,82 €/kg","38,71 €/kg",Productos Frescos,Pescadería,Ahumados y Huevas,https://static.carrefour.es/hd_510x_/img_pim_food/713862_00_1.jpg
https://www.carrefour.es/supermercado/sidra-kopparberg-premium-sabor-frutas-mezcladas-lata-50-cl/R-762342244/p,Sidra Kopparberg Premium sabor frutas mezcladas lata 50 cl.,"2,45 €",,"4,90 €/l",,Bebidas,Sidra,Cider,https://static.carrefour.es/hd_510x_/img_pim_food/770969_00_1.jpg
https://www.carrefour.es/supermercado/lasana-de-salmon-y-brocoli-gratinada-350-g/R-VC4AECOMM-491012/p,Lasaña de salmón y brócoli gratinada 350 g,"3,55 €",,"3,55 €/ud",,Productos Frescos,Platos Preparados Cocinados,Pastas y Pizzas,https://static.carrefour.es/hd_510x_/img_pim_food/491012_00_1.jpg
https://www.carrefour.es/supermercado/desinfectante-elimina-olores-textil-antialergenos-sanytol-500-ml/R-prod840884/p,Desinfectante elimina olores textil antialérgenos Sanytol 500 ml.,"4,75 €",,"9,50 €/l",,Limpieza y Hogar,Cuidado de la Ropa,Aditivos y quitamanchas,https://static.carrefour.es/hd_510x_/img_pim_food/365900_00_1.jpg
https://www.carrefour.es/supermercado/entrecot-de-vacuno-raza-rubia-gallega-madurado-el-encinar-de-humienta-500-g-aprox/R-prod63771/p,Entrecot de Vacuno Raza Rubia Gallega Madurado El Encinar de Humienta 500 g aprox,"12,45 €",,"24,90 €/kg",,Productos Frescos,Carnicería,Vacuno,https://static.carrefour.es/hd_510x_/img_pim_food/955738_00_1.jpg
https://www.carrefour.es/supermercado/detergente-liquido-frescor-sensaciones-ariel-40-lavados/R-546306382/p,Detergente líquido frescor sensaciones Ariel 40 lavados.,"19,35 €",,"0,48 €/lavado",,Limpieza y Hogar,Cuidado de la Ropa,Detergentes,https://static.carrefour.es/hd_510x_/img_pim_food/232541_00_1.jpg
https://www.carrefour.es/supermercado/gel-de-ducha-classic-original-magno-600-ml/R-VC4AECOMM-662928/p,Gel de ducha classic original Magno 600 ml.,"3,69 €",,"0,61 €/100ml",,Perfumería e Higiene,Baño e Higiene Corporal,Geles de Baño,https://static.carrefour.es/hd_510x_/img_pim_food/662928_00_1.jpg
https://www.carrefour.es/supermercado/vino-tinto-de-mesa-don-simon-brik-1-l/R-520661408/p,Vino tinto de mesa Don Simón brik 1 l.,"1,60 €",,"1,60 €/l",,Bebidas,Vinos,De Mesa,https://static.carrefour.es/hd_510x_/img_pim_food/000175_00_1.jpg
https://www.carrefour.es/supermercado/ginebra-bombay-1-l/R-fprod1270057/p,Ginebra Bombay 1 l.,"23,10 €",,"23,10 €/l",,,,,https://static.carrefour.es/hd_510x_/img_pim_food/325050_00_1.jpg
https://www.carrefour.es/supermercado/comida-humeda-de-salmon-y-trucha-para-gato-adulto-ultima-4x85-gr/R-prod930215/p,Comida húmeda de salmón y trucha para gato adulto Ultima 4x85 gr,"3,99 €",,"11,74 €/kg",,Mascotas,Gatos,Pienso para gatos,https://static.carrefour.es/hd_510x_/img_pim_food/045927_00_1.jpg
https://www.carrefour.es/supermercado/ambientador-spray-lavanda-essential-carrefour-300-ml/R-VC4AECOMM-627428/p,Ambientador spray lavanda Essential Carrefour 300 ml.,"1,15 €",,"3,83 €/l",,Limpieza y Hogar,Ambientadores,Aerosol o pistola,https://static.carrefour.es/hd_510x_/img_pim_food/627428_00_1.jpg
https://www.carrefour.es/supermercado/espinacas-en-hojas-carrefour-400-g/R-521031553/p,Espinacas en hojas Carrefour 400 g.,"1,05 €",,"2,62 €/kg",,Congelados,Verduras Congeladas,,https://static.carrefour.es/hd_510x_/img_pim_food/231875_00_1.jpg
https://www.carrefour.es/supermercado/chuleta-de-aguja-de-cerdo-carrefour-550-g-aprox/R-prod160067/p,Chuleta de Aguja de Cerdo Carrefour 550 g aprox,"3,13 €",,"5,69 €/kg",,Productos Frescos,Carnicería,Cerdo,https://static.carrefour.es/hd_510x_/img_pim_food/417284_00_1.jpg
https://www.carrefour.es/supermercado/panuelos-hipoalergenicos-foxy-10-ud/R-VC4AECOMM-494327/p,Pañuelos hipoalergénicos Foxy 10 ud.,"2,15 €",,"0,21 €/ud",,Limpieza y Hogar,Papel y Celulosa,Pañuelos,https://static.carrefour.es/hd_510x_/img_pim_food/494327_00_1.jpg
https://www.carrefour.es/supermercado/mora-125-g/R-521032199/p,Mora 125 g,"2,19 €",,"17,52 €/kg",,Productos Frescos,Frutas,Frutos del Bosque,https://static.carrefour.es/hd_510x_/img_pim_food/464651_00_1.jpg
https://www.carrefour.es/supermercado/galletas-banadas-chocolate-blanco-sabor-caramelo-salado-filipinos-artiach-128-g/R-VC4AECOMM-177458/p,Galletas bañadas chocolate blanco sabor caramelo salado Filipinos Artiach 128 g.,"1,40 €",,"10,94 €/kg",,La Despensa,Desayuno,Galletas,https://static.carrefour.es/hd_510x_/img_pim_food/177458_00_1.jpg
https://www.carrefour.es/supermercado/papilla-infantil-blevit-8-cereales-con-miel-desde-5-meses-1000-g/R-VC4AECOMM-324652/p,Papilla infantil Blevit 8 cereales con miel desde 5 meses 1000 g.,"17,25 €",,"17,25 €/kg",,Parafarmacia,Bebé,Papillas y Galletas,https://static.carrefour.es/hd_510x_/img_pim_food/324652_00_1.jpg
https://www.carrefour.es/supermercado/toallitas-humedas-con-tapa-infantiles-peppa-pig-20-uds/R-730701876/p,Toallitas húmedas con tapa infantiles Peppa Pig 20 uds.,"1,29 €",,"0,06 €/ud",,Bebé,Pañales y Toallitas,Toallitas,https://static.carrefour.es/hd_510x_/img_pim_food/681556_00_1.jpg
https://www.carrefour.es/supermercado/pintalenguas-sabor-frambuesa-vidal-157-g/R-prod750092/p,Pintalenguas sabor frambuesa Vidal 157 g.,"2,45 €",,"15,61 €/kg",,La Despensa,Dulce,Dulces y Golosinas,https://static.carrefour.es/hd_510x_/img_pim_food/858186_00_1.jpg
https://www.carrefour.es/supermercado/cepillo-dental-pro-series-1-oral-b-1-ud/R-VC4AECOMM-096800/p,Cepillo dental Pro Series 1 Oral-B 1 ud.,"42,90 €",,"42,90 €/ud",,Perfumería e Higiene,Boca y Sonrisa,"Cepillos, Recambios y Accesorios",https://static.carrefour.es/hd_510x_/img_pim_food/096800_00_1.jpg
https://www.carrefour.es/supermercado/pasta-espaguetis-carrefour-1-kg/R-544501835/p,Pasta espaguetis Carrefour 1 kg.,"1,22 €",,"1,22 €/kg",,La Despensa,Alimentación,Pastas,https://static.carrefour.es/hd_510x_/img_pim_food/226608_00_1.jpg
https://www.carrefour.es/supermercado/complemento-alimenticio-en-capsulas-energisil-vigor-plus-30-ud/R-590504172/p,Complemento alimenticio en cápsulas Energisil Vigor Plus 30 ud.,"21,70 €",,"2,17 €/100g",,Parafarmacia,Nutrición y Dietética,Complementos Vitamínicos,https://static.carrefour.es/hd_510x_/img_pim_food/258993_00_1.jpg
https://www.carrefour.es/supermercado/molinillo-iberico-toque-sin-gluten-40-g/R-526517577/p,Molinillo Ibérico Toque sin gluten 40 g.,"2,89 €",,"72,25 €/kg",,La Despensa,Alimentación,Especias y Sazonadores,https://static.carrefour.es/hd_510x_/img_pim_food/599347_00_1.jpg
https://www.carrefour.es/supermercado/champu-anticaspa-caspa-grasa-pilexil-300-ml/R-730287319/p,Champú anticaspa caspa grasa Pilexil 300 ml.,"11,45 €",,"3,82 €/100ml",,Parafarmacia,Cabello,Otros Champús de Tratamiento,https://static.carrefour.es/hd_510x_/img_pim_food/680670_00_1.jpg
https://www.carrefour.es/supermercado/tallarines-de-arroz-go-tan-250-g/R-VC4AECOMM-766026/p,Tallarines de arroz Go-Tan 250 g.,"2,55 €",,"10,20 €/kg",,La Despensa,Alimentación,Arroz y Cous Cous,https://static.carrefour.es/hd_510x_/img_pim_food/766026_00_1.jpg
https://www.carrefour.es/supermercado/chuleta-de-lomo-de-cerdo-carrrefour-400-g-aprox/R-prod130307/p,Chuleta de Lomo de Cerdo Carrrefour 400 g aprox,"3,55 €",,,,Productos Frescos,Carnicería,Cerdo,https://static.carrefour.es/hd_510x_/img_pim_food/778413_00_1.jpg
https://www.carrefour.es/supermercado/tomate-mitad-deshidratado-trevijano-70-g/R-prod68358/p,Tomate mitad deshidratado Trevijano 70 g,"3,25 €",,"46,43 €/kg",,Productos Frescos,Verduras y hortalizas,Hierbas Aromáticas y especias,https://static.carrefour.es/hd_510x_/img_pim_food/407635_00_1.jpg
https://www.carrefour.es/supermercado/cereales-crujientes-con-chocolate-muesli-carrefour-750-g/R-529043295/p,Cereales crujientes con chocolate Muesli Carrefour 750 g.,"3,07 €",,"4,09 €/kg",,,,,https://static.carrefour.es/hd_510x_/img_pim_food/153298_00_1.jpg
https://www.carrefour.es/supermercado/snacks-platanitos-verdes-sabor-chile-limon-gourmet-latino-65-g/R-VC4AECOMM-708205/p,Snacks platanitos verdes sabor chile limón Gourmet Latino 65 g.,"1,31 €",,"20,15 €/kg",,La Despensa,Aperitivos,Frutas Desecadas,https://static.carrefour.es/hd_510x_/img_pim_food/708205_00_1.jpg
https://www.carrefour.es/supermercado/pizza-margarita-pack-de-3-pizzas-de-300-g/R-538003272/p,Pizza margarita pack de 3 pizzas de 300 g.,"2,89 €",,"3,21 €/kg",,Congelados,Pizzas Congeladas,,https://static.carrefour.es/hd_510x_/img_pim_food/200664_00_1.jpg
https://www.carrefour.es/supermercado/abrillantador-para-lavavajillas-finish-powerball-800-ml/R-521001509/p,Abrillantador para lavavajillas Finish Powerball 800 ml.,"7,79 €",,"9,74 €/l",,Limpieza y Hogar,Productos para Cocina,Aditivos y limpiamáquinas,https://static.carrefour.es/hd_510x_/img_pim_food/030445_00_1.jpg
https://www.carrefour.es/supermercado/manzanilla-en-bolsitas-ship-25-ud/R-VC4AECOMM-102423/p,Manzanilla en bolsitas Ship 25 ud.,"0,74 €",,"24,67 €/kg",,La Despensa,Desayuno,Infusiones y Tés,https://static.carrefour.es/hd_510x_/img_pim_food/102423_00_1.jpg
https://www.carrefour.es/supermercado/crema-facial-hidratante-antiedad-fp15-hyaluron-nivea-men-50-ml/R-520664130/p,Crema facial hidratante antiedad FP15 Hyaluron Nivea Men 50 ml.,"15,49 €",,"30,98 €/100ml",,Perfumería e Higiene,Cuidado y Protección Corporal,Piel,https://static.carrefour.es/hd_510x_/img_pim_food/040718_00_1.jpg
https://www.carrefour.es/supermercado/vino-llopart-espumoso-brut-nature-reserva-75-cl/R-538001740/p,Llopart Brut Nature Espumoso Blanco 2020,"15,19 €",,"15,19 €/ud",,Bebidas,Cava y champagne,Cavas,https://static.carrefour.es/hd_510x_/img_pim_food/047034_00_1.jpg
https://www.carrefour.es/supermercado/pan-de-molde-para-tostadas-carrefour-classic-sin-azucares-anadidos-820-g/R-VC4AECOMM-401058/p,Pan de molde para tostadas Carrefour Classic sin azúcares añadidos 820 g.,"1,80 €","1,55 €","2,20 €/kg","1,89 €/kg",La Despensa,"Panaderia, Bollería y Pastelería",Especialidades de pan,https://static.carrefour.es/hd_510x_/img_pim_food/401058_00_1.jpg
https://www.carrefour.es/supermercado/nectar-de-pomelo-carrefour-brik-1-l/R-526600880/p,Néctar de pomelo Carrefour brik 1 l.,"1,51 €",,"1,51 €/l",,Bebidas,Aguas y Zumos,Zumos no Refrigerados,https://static.carrefour.es/hd_510x_/img_pim_food/760584_00_1.jpg
https://www.carrefour.es/supermercado/helices-vegetales-gallo-sin-gluten-y-sin-lactosa-450-g/R-VC4AECOMM-594205/p,Hélices vegetales Gallo sin gluten y sin lactosa 450 g.,"2,45 €",,"5,44 €/kg",,La Despensa,Alimentación,Pastas,https://static.carrefour.es/hd_510x_/img_pim_food/594205_00_1.jpg
https://www.carrefour.es/supermercado/monster-energy-mixxd-punch-bebida-energetica-lata-50-cl/R-prod800264/p,Monster Energy MIXXD Punch Bebida Energética lata 50 cl.,"1,79 €",,"3,58 €/l",,Bebidas,Refrescos,Energéticas,https://static.carrefour.es/hd_510x_/img_pim_food/991744_00_1.jpg
https://www.carrefour.es/supermercado/shimeji-marron-150-g/R-VC4AECOMM-466900/p,Shimeji Marrón 150 g,"2,74 €",,"18,27 €/kg",,Productos Frescos,Verduras y hortalizas,Setas y Hongos,https://static.carrefour.es/hd_510x_/img_pim_food/466900_00_1.jpg
https://www.carrefour.es/supermercado/caldo-natural-de-verduras-aneto-sin-gluten-y-sin-lactosa-pack-de-2-briks-de-1-l/R-prod1160259/p,Caldo natural de verduras Aneto sin gluten y sin lactosa pack de 2 briks de 1 l.,"7,91 €",,"3,95 €/l",,La Despensa,"Conservas, Sopas y Precocinados","Caldos, Sopas y Pure",https://static.carrefour.es/hd_510x_/img_pim_food/205781_00_1.jpg
https://www.carrefour.es/supermercado/doughnut-de-chocolate-fibre-one-pack-de-4-unidades-de-24-g/R-VC4AECOMM-458705/p,Doughnut de chocolate Fibre One pack de 4 unidades de 24 g.,"3,45 €",,"35,94 €/kg",,La Despensa,Desayuno,Barritas,https://static.carrefour.es/hd_510x_/img_pim_food/458705_00_1.jpg
https://www.carrefour.es/supermercado/margarina-ligeresa-500-g/R-526517401/p,Margarina Ligeresa 500 g.,"3,05 €",,"6,10 €/kg",,La Despensa,Lácteos,Mantequillas y Margarinas,https://static.carrefour.es/hd_510x_/img_pim_food/101914_00_1.jpg
https://www.carrefour.es/supermercado/preparado-brownie-dr-oetker-456-g/R-590210967/p,Preparado brownie Dr. Oetker 456 g.,"5,35 €",,"11,73 €/kg",,La Despensa,Dulce,Repostería,https://static.carrefour.es/hd_510x_/img_pim_food/291098_00_1.jpg
https://www.carrefour.es/supermercado/galletas-de-cereales-y-chocolate-florbu-sin-azucares-anadidos-370-g/R-prod224482/p,Galletas de Cereales y Chocolate Florbú sin Azúcares Añadidos 370 g.,"2,79 €",,"7,54 €/kg",,,,,https://static.carrefour.es/hd_510x_/img_pim_food/275729_00_1.jpg
https://www.carrefour.es/supermercado/salchichas-wieners-pollo-oscar-mayer-sin-gluten-y-sin-lactosa-pack-de-3-unidades-200-g/R-VC4AECOMM-038709/p,Salchichas wieners pollo Oscar Mayer sin gluten y sin lactosa pack de 3 unidades 200 g.,"3,69 €",,"6,15 €/kg",,Productos Frescos,Charcutería,Salchichas,https://static.carrefour.es/hd_510x_/img_pim_food/038709_00_1.jpg
https://www.carrefour.es/supermercado/queso-curado-mezcla-mini-al-vacio-garcia-baquero-pieza-de-880-g/R-prod261264/p,Queso curado mezcla mini al vacio García Baquero pieza de 880 g,"21,62 €",,"24,57 €/kg",,Productos Frescos,Quesos,Curado,https://static.carrefour.es/hd_510x_/img_pim_food/681771_00_1.jpg
https://www.carrefour.es/supermercado/colgador-wc-menta-eucalipto-antical-ecologico-carrefour-ecoplanet-1-ud/R-VC4AECOMM-372096/p,Colgador WC menta eucalipto antical ecológico Carrefour Ecoplanet 1 ud.,"1,94 €",,"40,42 €/kg",,Limpieza y Hogar,Productos para Baño,WC,https://static.carrefour.es/hd_510x_/img_pim_food/372096_00_1.jpg
https://www.carrefour.es/supermercado/gel-de-ducha-coco-y-karite-original-source-500-ml/R-VC4AECOMM-202096/p,Gel de ducha coco y karité Original Source 500 ml.,"3,39 €",,"0,68 €/100ml",,Perfumería e Higiene,Baño e Higiene Corporal,Geles de Baño,https://static.carrefour.es/hd_510x_/img_pim_food/202096_00_1.jpg
https://www.carrefour.es/supermercado/yogur-natural-con-azucar-de-cana-carrefour-classic-pack-de-8-unidades-de-125-g/R-VC4AECOMM-441057/p,Yogur natural con azúcar de caña Carrefour Classic' pack de 8 unidades de 125 g.,"1,40 €",,"1,40 €/kg",,La Despensa,Yogures y Postres,Yogur Natural y Sabores,https://static.carrefour.es/hd_510x_/img_pim_food/441057_00_1.jpg
https://www.carrefour.es/supermercado/reparador-aranazos-madera-clara-ocedar-100-ml/R-852901170/p,Reparador arañazos madera clara O'cedar 100 ml.,"7,05 €",,"70,50 €/l",,Limpieza y Hogar,Productos para toda la casa,Limpia Muebles,https://static.carrefour.es/hd_510x_/img_pim_food/985608_00_1.jpg
https://www.carrefour.es/supermercado/coca-cola-light-pack-9-latas-33-cl/R-733411778/p,Coca Cola light pack 9 latas 33 cl.,"7,83 €",,"2,64 €/l",,Bebidas,Refrescos,Colas,https://static.carrefour.es/hd_510x_/img_pim_food/454946_00_1.jpg
https://www.carrefour.es/supermercado/salsa-mojo-picon-suave-de-nuestra-tierra-200-g/R-VC4AECOMM-648102/p,Salsa mojo picón suave De Nuestra Tierra 200 g.,"5,75 €",,"28,75 €/kg",,La Despensa,Alimentación,Salsas y Tomate Frito,https://static.carrefour.es/hd_510x_/img_pim_food/648102_00_1.jpg
https://www.carrefour.es/supermercado/sazonador-para-pollo-sabor-ajillo-con-toque-de-perejil-jugoso-al-horno-maggi-36-g/R-546306194/p,Sazonador para pollo sabor ajillo con toque de perejil Jugoso al Horno Maggi 36 g.,"1,10 €",,"30,56 €/kg",,La Despensa,Alimentación,Especias y Sazonadores,https://static.carrefour.es/hd_510x_/img_pim_food/156645_00_1.jpg
https://www.carrefour.es/supermercado/papaya-800-g-aprox/R-530066910/p,Papaya 800 g aprox,"4,29 €",,"5,36 €/kg",,Productos Frescos,Frutas,"Piñas, Kiwis, Aguacates y Tropicales",https://static.carrefour.es/hd_510x_/img_pim_food/036062_00_1.jpg
https://www.carrefour.es/supermercado/palitos-de-pan-con-pipas-carrefour-pack-de-2x90-g/R-fprod1230231/p,Palitos de pan con pipas Carrefour pack de 2x90 g.,"1,19 €",,"7,17 €/kg",,La Despensa,"Panaderia, Bollería y Pastelería","Colines, picos y crakers",https://static.carrefour.es/hd_510x_/img_pim_food/290248_00_1.jpg
https://www.carrefour.es/supermercado/masa-filo-carrefour-250-g/R-590209303/p,Masa filo Carrefour 250 g.,"1,99 €",,"7,96 €/kg",,La Despensa,"Conservas, Sopas y Precocinados",Masa Fresca y Bases,https://static.carrefour.es/hd_510x_/img_pim_food/257825_00_1.jpg
https://www.carrefour.es/supermercado/nectar-de-pina-don-simon-disfruta-sin-azucar-anadido-botella-15-l/R-526627322/p,"Néctar de piña Don Simón Disfruta sin azúcar añadido botella 1,5 l.","2,29 €",,"1,53 €/l",,Bebidas,Aguas y Zumos,Zumos no Refrigerados,https://static.carrefour.es/hd_510x_/img_pim_food/279258_00_1.jpg
https://www.carrefour.es/supermercado/spray-renovador-ante-nobuck-incoloro-bufalo-250-ml/R-VC4AECOMM-083463/p,Spray renovador ante & nobuck incoloro Búfalo 250 ml.,"7,79 €",,"31,16 €/l",,Limpieza y Hogar,Calzado,,https://static.carrefour.es/hd_510x_/img_pim_food/083463_00_1.jpg
https://www.carrefour.es/supermercado/champinones-enteros-classic-carrefour-230-g/R-521005932/p,Champiñones enteros Classic Carrefour 230 g.,"1,86 €",,"8,09 €/kg",,La Despensa,"Conservas, Sopas y Precocinados",Conservas de Vegetales,https://static.carrefour.es/hd_510x_/img_pim_food/679116_00_1.jpg
https://www.carrefour.es/supermercado/gel-facial-exfoliante-doble-efecto-aloe-vera-babaria-100-ml/R-VC4AECOMM-547886/p,Gel facial exfoliante doble efecto aloe vera Babaria 100 ml.,"4,49 €",,"4,49 €/100ml",,Perfumería e Higiene,Cuidado y Protección Corporal,Limpieza Facial,https://static.carrefour.es/hd_510x_/img_pim_food/547886_00_1.jpg
https://www.carrefour.es/supermercado/empanada-de-hojaldre-de-carne-600-g/R-566001534/p,Empanada de Hojaldre de Carne 600 g,"5,49 €",,"9,15 €/kg",,Productos Frescos,Panadería Tradicional,Empanadas y hojaldres,https://static.carrefour.es/hd_510x_/img_pim_food/121996_00_1.jpg
https://www.carrefour.es/supermercado/leche-infantil-de-crecimiento-de-12-a-36-meses-con-cereales-nestle-nativa-crecimiento-3-sin-azucar-anadido-brik-1-l/R-521028712/p,Leche infantil de crecimiento de 12 a 36 meses con cereales Nestlé Nativa Crecimiento 3 sin azúcar añadido brik 1 l.,"2,39 €",,"2,39 €/l",,Bebé,Alimentación infantil,Leches Infantiles,https://static.carrefour.es/hd_510x_/img_pim_food/683677_00_1.jpg
https://www.carrefour.es/supermercado/set-18-tealights-frutas-roura/R-VC4AECOMM-886826/p,Set 18 Tealights Frutas ROURA,"2,99 €",,"2.990,00 €/ud",,Limpieza y Hogar,Ambientadores,Decorativos,https://static.carrefour.es/hd_510x_/img_pim_food/886826_00_1.jpg
https://www.carrefour.es/supermercado/panales-dodot-activity-t5-11-16-kg-126-ud/R-prod1130580/p,Pañales Dodot Activity T5 (11-16 kg) 126 ud.,"64,50 €",,"0,51 €/ud",,Bebé,Pañales y Toallitas,Pañales Dodot,https://static.carrefour.es/hd_510x_/img_pim_food/186763_00_1.jpg
https://www.carrefour.es/supermercado/pasta-spaghetti-n-5-barilla-1-kg/R-530363474/p,Pasta Spaghetti nº 5 Barilla 1 kg.,"3,39 €",,"3,39 €/kg",,La Despensa,Alimentación,Pastas,https://static.carrefour.es/hd_510x_/img_pim_food/168900_00_1.jpg
https://www.carrefour.es/supermercado/pechuga-de-pavo-pieza-simply-sin-gluten-sin-lactosa-300-g/R-VC4AECOMM-709244/p,Pechuga de pavo pieza Simply sin gluten sin lactosa 300 g.,"2,35 €",,"7,83 €/kg",,Productos Frescos,Charcutería,Fiambre de Pavo y Pollo,https://static.carrefour.es/hd_510x_/img_pim_food/709244_00_1.jpg
https://www.carrefour.es/supermercado/fanta-de-naranja-botella-50-cl/R-520660535/p,Fanta de naranja botella 50 cl.,"1,45 €",,"2,90 €/l",,Bebidas,Refrescos,Sabores con Gas,https://static.carrefour.es/hd_510x_/img_pim_food/038211_00_1.jpg
https://www.carrefour.es/supermercado/atun-claro-en-aceite-de-girasol-isabel-pack-de-3-latas-de-52-g/R-prod393409/p,Atún claro en aceite de girasol Isabel pack de 3 latas de 52 g.,"4,69 €",,"30,06 €/kg",,La Despensa,"Conservas, Sopas y Precocinados",Conservas de Pescado y Marisco,https://static.carrefour.es/hd_510x_/img_pim_food/568198_00_1.jpg
https://www.carrefour.es/supermercado/cepillo-de-dientes-reciclado-y-biodegradable-naturbrush-1-ud/R-VC4AECOMM-736450/p,Cepillo de dientes reciclado y biodegradable Naturbrush 1 ud.,"3,55 €",,"3,55 €/ud",,Perfumería e Higiene,Boca y Sonrisa,"Cepillos, Recambios y Accesorios",https://static.carrefour.es/hd_510x_/img_pim_food/736450_00_1.jpg
https://www.carrefour.es/supermercado/cocido-madrileno-litoral-sin-gluten-425-g/R-VC4AECOMM-441458/p,Cocido madrileño Litoral sin gluten 425 g.,"3,19 €",,"7,51 €/kg",,La Despensa,"Conservas, Sopas y Precocinados",Platos Tradicionales,https://static.carrefour.es/hd_510x_/img_pim_food/441458_00_1.jpg
https://www.carrefour.es/supermercado/crema-de-queso-de-untar-light-philadelphia-pack-de-2-unidades-de-250-g/R-854600353/p,Crema de queso de untar light Philadelphia pack de 2 unidades de 250 g.,"5,15 €",,"10,30 €/kg",,Productos Frescos,Quesos,Queso Fresco,https://static.carrefour.es/hd_510x_/img_pim_food/084427_00_1.jpg
https://www.carrefour.es/supermercado/vino-tinto-crianza-ramon-bilbao-vinedos-altura-doca-rioja-75-cl/R-684801749/p,Ramon Bilbao Viñedos De Altura 2020,"14,25 €",,"14,25 €/ud",,Bebidas,Vinos,Tinto,https://static.carrefour.es/hd_510x_/img_pim_food/074334_00_1.jpg
https://www.carrefour.es/supermercado/vino-fino-crianza-bajo-velo-flor-pedro-ximenez-la-sultana-domontilla-moriles-75-cl/R-520662948/p,Vino fino crianza bajo velo flor Pedro Ximénez La Sultana D.O.Montilla Morilés 75 cl.,"3,05 €",,"3,05 €/ud",,,,,https://static.carrefour.es/hd_510x_/img_pim_food/009982_00_1.jpg
https://www.carrefour.es/supermercado/enjuague-bucal-antiseptico-oraldine-200-ml/R-590508836/p,Enjuague bucal antiséptico Oraldine 200 ml.,"5,05 €",,"2,52 €/100ml",,Parafarmacia,Higiene Bucal,Colutorio,https://static.carrefour.es/hd_510x_/img_pim_food/555600_00_1.jpg
https://www.carrefour.es/supermercado/infusion-de-jengibre-con-limon-en-bolsitas-pompadour-20-ud/R-716511050/p,Infusión de jengibre con limón en bolsitas Pompadour 20 ud.,"2,95 €",,"84,29 €/kg",,La Despensa,Desayuno,Infusiones y Tés,https://static.carrefour.es/hd_510x_/img_pim_food/429980_00_1.jpg
https://www.carrefour.es/supermercado/zumo-de-manzana-guayaba-y-lima-innocent-botella-33-cl/R-VC4AECOMM-047937/p,"Zumo de manzana, guayaba y lima Innocent botella 33 cl.","2,19 €",,"6,64 €/l",,Bebidas,Aguas y Zumos,Zumos Refrigerados,https://static.carrefour.es/hd_510x_/img_pim_food/047937_00_1.jpg
https://www.carrefour.es/supermercado/trasero-de-pollo-carrefour-12-kg-aprox/R-827513085/p,"Trasero de Pollo Carrefour 1,2 kg aprox","3,42 €",,"2,85 €/kg",,Productos Frescos,Carnicería,Aves y Pollo,https://static.carrefour.es/hd_510x_/img_pim_food/961472_00_1.jpg
https://www.carrefour.es/supermercado/sandwich-de-vainilla-y-chocolate-classic-carrefour-6-ud/R-538408105/p,Sandwich de vainilla y chocolate Classic' Carrefour 6 ud.,"2,09 €",,"0,35 €/ud",,Congelados,Helados,Sandwiches,https://static.carrefour.es/hd_510x_/img_pim_food/190169_00_1.jpg
https://www.carrefour.es/supermercado/picada-de-vacuno-ecologico-carrefour-bio-400-g/R-prod1070058/p,Picada de vacuno ecológico Carrefour Bio 400 g,"4,69 €","4,19 €","11,72 €/kg","10,47 €/kg",Productos Frescos,Carnicería,Carne Picada,https://static.carrefour.es/hd_510x_/img_pim_food/126472_00_1.jpg
https://www.carrefour.es/supermercado/vino-tinto-crianza-vina-pedrosa-do-ribera-del-duero-75-cl/R-546003445/p,Viña Pedrosa Tinto Crianza 2018,"22,20 €",,"22,20 €/ud",,Bebidas,Vinos,Tinto,https://static.carrefour.es/hd_510x_/img_pim_food/013267_00_1.jpg
https://www.carrefour.es/supermercado/barritas-crujientes-banadas-en-chocolate-blanco-nestle-kit-kat-white-1463-g/R-VC4AECOMM-352057/p,"Barritas crujientes bañadas en chocolate blanco Nestlé Kit Kat White 146,3 g.","3,55 €",,"24,32 €/kg",,La Despensa,Dulce,Bombones y Chocolates,https://static.carrefour.es/hd_510x_/img_pim_food/352057_00_1.jpg
https://www.carrefour.es/supermercado/pasta-linguine-al-bronzo-barilla-400-g/R-prod630010/p,Pasta Linguine al bronzo Barilla 400 g.,"2,09 €",,"5,22 €/kg",,La Despensa,Alimentación,Pastas,https://static.carrefour.es/hd_510x_/img_pim_food/809080_00_1.jpg
https://www.carrefour.es/supermercado/tapioca-royal-175-g/R-797422341/p,Tapioca Royal 175 g.,"2,09 €",,"11,94 €/kg",,La Despensa,Alimentación,Especias y Sazonadores,https://static.carrefour.es/hd_510x_/img_pim_food/900228_00_1.jpg
https://www.carrefour.es/supermercado/leche-entera-disney-puleva-brik-1-l/R-VC4AECOMM-369044/p,Leche entera Disney Puleva brik 1 l.,"1,39 €",,"1,39 €/l",,La Despensa,Lácteos,Leche,https://static.carrefour.es/hd_510x_/img_pim_food/369044_00_1.jpg
https://www.carrefour.es/supermercado/cafe-molido-natural-de-colombia-carrefour-seleccion-250-g/R-521002982/p,Café molido natural de Colombia Carrefour Selección 250 g.,"3,19 €",,"12,76 €/kg",,La Despensa,Desayuno,Cafés,https://static.carrefour.es/hd_510x_/img_pim_food/791753_00_1.jpg
https://www.carrefour.es/supermercado/set-de-25-tenedores-reutilizables/R-VC4AECOMM-024596/p,Set de 25 Tenedores Reutilizables,"2,59 €",,"0,10 €/ud",,Limpieza y Hogar,Menaje,Menaje Desechable,https://static.carrefour.es/hd_510x_/img_pim_food/024596_00_1.jpg
https://www.carrefour.es/supermercado/calamar-de-la-india-limpio400-g/R-VC4AECOMM-701844/p,Calamar de la India limpio 400 g,"5,25 €",,"13,12 €/kg",,Congelados,"Pulpo, Calamar y Sepia Congelados",,https://static.carrefour.es/hd_510x_/img_pim_food/701844_00_1.jpg
https://www.carrefour.es/supermercado/mascara-de-pestanas-scandaleyes-volume-on-demand-waterproof-rimmel-london-1-ud/R-VC4AECOMM-568404/p,Máscara de pestañas Scandaleyes Volume on Demand Waterproof Rimmel London 1 ud.,"11,75 €",,"11,75 €/ud",,Perfumería e Higiene,Cosmética,Ojos,https://static.carrefour.es/hd_510x_/img_pim_food/568404_00_1.jpg
https://www.carrefour.es/supermercado/detergente-en-capsulas-alpes-todo-en-uno-pods-ariel-19-lavados/R-VC4AECOMM-311243/p,Detergente en cápsulas alpes Todo en Uno Pods Ariel 19 lavados.,"11,85 €",,"0,62 €/lavado",,Limpieza y Hogar,Cuidado de la Ropa,Detergentes,https://static.carrefour.es/hd_510x_/img_pim_food/311243_00_1.jpg
https://www.carrefour.es/supermercado/petit-sabor-fresa-y-platano-danone-danonino-sin-gluten-pack-de-6-unidades-de-50-g/R-702201839/p,Petit sabor fresa y plátano Danone Danonino sin gluten pack de 6 unidades de 50 g.,"1,47 €",,"4,90 €/kg",,La Despensa,Yogures y Postres,Yogures Infantiles,https://static.carrefour.es/hd_510x_/img_pim_food/402094_00_1.jpg
https://www.carrefour.es/supermercado/cerveza-san-miguelyakima-valley-tipo-ipa-lata-33-cl/R-VC4AECOMM-486049/p,Cerveza San Miguel Yakima Valley tipo IPA lata 33 cl.,"1,60 €",,"4,85 €/l",,Bebidas,Cerveza,Todas las Cervezas,https://static.carrefour.es/hd_510x_/img_pim_food/486049_00_1.jpg
https://www.carrefour.es/supermercado/yogur-natural-ecologico-pastoret-500-g/R-prod830325/p,Yogur natural ecológico Pastoret 500 g.,"3,29 €",,"6,58 €/kg",,La Despensa,Yogures y Postres,Yogur Natural y Sabores,https://static.carrefour.es/hd_510x_/img_pim_food/298750_00_1.jpg
https://www.carrefour.es/supermercado/nata-carrefour-200-ml/R-526627012/p,Nata Carrefour 200 ml.,"1,20 €",,"6,00 €/l",,La Despensa,Lácteos,Nata,https://static.carrefour.es/hd_510x_/img_pim_food/118128_00_1.jpg
https://www.carrefour.es/supermercado/jamon-york-el-lonchas-sandwich-el-pozo-sin-gluten-sin-lactosa-225-g/R-VC4AECOMM-710111/p,Jamón york el lonchas sándwich El Pozo sin gluten sin lactosa 225 g.,"2,15 €",,"9,56 €/kg",,Productos Frescos,Charcutería,Jamón Cocido y Lacón,https://static.carrefour.es/hd_510x_/img_pim_food/710111_00_1.jpg
https://www.carrefour.es/supermercado/chocolate-negro-50-carrefour-150-g/R-521004207/p,Chocolate negro 50% Carrefour 150 g.,"0,78 €",,"5,20 €/kg",,La Despensa,Dulce,Bombones y Chocolates,https://static.carrefour.es/hd_510x_/img_pim_food/231567_00_1.jpg
https://www.carrefour.es/supermercado/queso-camembert-president-250-g/R-prod261623/p,Queso camembert President 250 g,"5,46 €",,"21,84 €/kg",,Productos Frescos,Quesos,Todos los Quesos,https://static.carrefour.es/hd_510x_/img_pim_food/685821_00_1.jpg
https://www.carrefour.es/supermercado/ron-yacare-viejo-70-cl/R-526627450/p,Ron Yacaré viejo 70 cl.,"8,69 €",,"12,41 €/l",,Bebidas,Alcoholes,Ron,https://static.carrefour.es/hd_510x_/img_pim_food/652125_00_1.jpg
https://www.carrefour.es/supermercado/hilo-dental-carrefour-soft-pack-de-2-unidades-de-50-m/R-VC4AECOMM-257852/p,Hilo dental Carrefour Soft pack de 2 unidades de 50 m.,"1,74 €",,"0,02 €/m",,Perfumería e Higiene,Boca y Sonrisa,"Cepillos, Recambios y Accesorios",https://static.carrefour.es/hd_510x_/img_pim_food/257852_00_1.jpg
https://www.carrefour.es/supermercado/agua-de-colonia-n-40-floral-amaderada-para-mujer-caravan-150-ml/R-808554947/p,Agua de colonia nº 40 Floral amaderada para mujer Caravan 150 ml.,"10,89 €",,"7,26 €/100ml",,Perfumería e Higiene,Baño e Higiene Corporal,Colonias,https://static.carrefour.es/hd_510x_/img_pim_food/887489_00_1.jpg
https://www.carrefour.es/supermercado/cereales-con-frutos-secos-cruesli-quaker-375-g/R-521033552/p,Cereales con frutos secos Cruesli Quaker 375 g.,"5,25 €",,"14,00 €/kg",,La Despensa,Desayuno,Cereales,https://static.carrefour.es/hd_510x_/img_pim_food/011576_00_1.jpg
https://www.carrefour.es/supermercado/tabla-de-quesos-del-mundo-carrefour-300-g/R-VC4AECOMM-689743/p,Tabla de quesos del mundo Carrefour 300 g,"8,65 €",,"28,83 €/kg",,Productos Frescos,Quesos,Tablas de quesos,https://static.carrefour.es/hd_510x_/img_pim_food/689743_00_1.jpg
https://www.carrefour.es/supermercado/barra-de-labios-n-118-super-stay-maybelline-1-ud/R-prod1000713/p,Barra de labios nº 118 Super Stay Maybelline 1 ud.,"7,99 €",,"7,99 €/ud",,Perfumería e Higiene,Cosmética,Labios,https://static.carrefour.es/hd_510x_/img_pim_food/085593_00_1.jpg
https://www.carrefour.es/supermercado/detergente-en-polvo-escamas-de-jabon-natural-lagarto-400-g/R-VC4AECOMM-551976/p,Detergente en polvo escamas de jabón natural Lagarto 400 g.,"3,25 €",,"8,12 €/kg",,Limpieza y Hogar,Cuidado de la Ropa,Detergentes,https://static.carrefour.es/hd_510x_/img_pim_food/551976_00_1.jpg
https://www.carrefour.es/supermercado/copos-suaves-de-avena-integral-ecologico-ecocesta-sin-gluten-500-g/R-fprod1200290/p,Copos suaves de avena integral ecológico EcoCesta sin gluten 500 g.,"3,49 €",,"6,98 €/kg",,La Despensa,Desayuno,Cereales,https://static.carrefour.es/hd_510x_/img_pim_food/254726_00_1.jpg
https://www.carrefour.es/supermercado/barritas-de-miel-para-hamster-vitakraft-2-ud/R-553703580/p,Barritas de miel para hamster Vitakraft 2 ud.,"2,15 €",,"1,07 €/ud",,Mascotas,Conejos y roedores,Pienso para conejos y rodeores,https://static.carrefour.es/hd_510x_/img_pim_food/361847_00_1.jpg
https://www.carrefour.es/supermercado/limpiador-gel-de-agua-elimina-las-impurezas-y-el-maquillaje-hydro-boost-neutrogena-200-ml/R-prod70332/p,Limpiador gel de agua elimina las impurezas y el maquillaje Hydro Boost Neutrogena 200 ml.,"11,89 €",,"5,94 €/100ml",,Parafarmacia,Cuidado e higiene facial,Desmaquillantes,https://static.carrefour.es/hd_510x_/img_pim_food/088068_00_1.jpg
https://www.carrefour.es/supermercado/caramelos-de-goma-dinosaurios-haribo-100-g/R-VC4AECOMM-209713/p,Caramelos de goma Dinosaurios Haribo 100 g.,"1,48 €",,"14,80 €/ud",,La Despensa,Dulce,Dulces y Golosinas,https://static.carrefour.es/hd_510x_/img_pim_food/209713_00_1.jpg
https://www.carrefour.es/supermercado/crema-del-panal-suavinex-75-ml/R-619902725/p,Crema del pañal Suavinex 75 ml.,"7,75 €",,"10,33 €/100ml",,Parafarmacia,Bebé,Anti Irritación,https://static.carrefour.es/hd_510x_/img_pim_food/800698_00_1.jpg
https://www.carrefour.es/supermercado/whisky-ballantines-light-70-cl/R-VC4AECOMM-625016/p,Ballantine'S Light Whisky,"14,35 €",,"20,50 €/l",,Bebidas,Alcoholes,Whisky y Bourbon,https://static.carrefour.es/hd_510x_/img_pim_food/625016_00_1.jpg
https://www.carrefour.es/supermercado/bombon-helado-sabor-nata-y-chocolate-negro-black-carrefour-4-ud/R-722005940/p,Bombón helado sabor nata y chocolate negro Black Carrefour 4 ud.,"2,69 €",,"0,67 €/ud",,,,,https://static.carrefour.es/hd_510x_/img_pim_food/652104_00_1.jpg
https://www.carrefour.es/supermercado/colutorio-de-uso-diario-sin-alcohol-previene-caries-dental-lacer-1000-ml/R-650501821/p,Colutorio de uso diario sin alcohol previene caries dental Lacer 1000 ml.,"14,35 €",,"1,43 €/100ml",,Parafarmacia,Higiene Bucal,Colutorio,https://static.carrefour.es/hd_510x_/img_pim_food/819855_00_1.jpg
https://www.carrefour.es/supermercado/corrector-tratamiento-de-bayas-de-goji-y-haloxyl-el-borrador-instant-anti-age-08-buff-maybelline-1-ud/R-VC4AECOMM-476648/p,Corrector tratamiento de bayas de goji y haloxyl el borrador instant anti age 08 buff Maybelline 1 ud.,"11,19 €",,"11,19 €/ud",,Perfumería e Higiene,Cosmética,Ojos,https://static.carrefour.es/hd_510x_/img_pim_food/476648_00_1.jpg
https://www.carrefour.es/supermercado/crema-de-dia-anti-edad-renovadora-con-proteccion-solar-spf20-con-proxylane-revitalift-laser-loreal-paris-50-ml/R-prod60337/p,Crema de día anti-edad renovadora con protección solar SPF20 con Proxylane Revitalift Láser L'Oréal Paris 50 ml.,"19,99 €",,"39,98 €/100ml",,Perfumería e Higiene,Cuidado y Protección Corporal,Piel,https://static.carrefour.es/hd_510x_/img_pim_food/208602_00_1.jpg
https://www.carrefour.es/supermercado/espelta-hinchada-ecologico-ecocesta-125-g/R-590205525/p,Espelta hinchada ecologíco EcoCesta 125 g.,"2,49 €",,"19,92 €/kg",,,,,https://static.carrefour.es/hd_510x_/img_pim_food/181557_00_1.jpg
https://www.carrefour.es/supermercado/sazonador-para-barbacoa-carmencita-sin-gluten-65-g/R-522713666/p,Sazonador para barbacoa Carmencita sin gluten 65 g.,"2,55 €",,"42,50 €/kg",,La Despensa,Alimentación,Especias y Sazonadores,https://static.carrefour.es/hd_510x_/img_pim_food/002157_00_1.jpg
https://www.carrefour.es/supermercado/vinagre-balsamico-de-modena-carrefour-500-ml/R-520660378/p,Vinagre balsámico de módena Carrefour 500 ml.,"2,45 €",,"4,90 €/l",,La Despensa,Alimentación,Aceites y vinagres,https://static.carrefour.es/hd_510x_/img_pim_food/578567_00_1.jpg
https://www.carrefour.es/supermercado/aceite-corporal-bio-oil-200-ml/R-prod72597/p,Aceite Corporal Bio Oil 200 ML,"21,20 €",,"10,60 €/100ml",,Parafarmacia,Bebé,Embarazo y Lactancia,https://static.carrefour.es/hd_510x_/img_pim_food/087259_00_1.jpg
https://www.carrefour.es/supermercado/jamoncitos-de-pollo-congelado-1-kg/R-fprod1480186/p,Jamoncitos de Pollo Congelado 1 kg,"3,49 €",,"3,49 €/kg",,Productos Frescos,Carnicería,Otras carnes,https://static.carrefour.es/hd_510x_/img_pim_food/413333_00_1.jpg
https://www.carrefour.es/supermercado/galletas-con-harina-de-centeno-y-espelta-con-quinoa-chia-y-lino-cereales-milenarios-chiquilin-artiach-260-g/R-prod480106/p,"Galletas con harina de centeno y espelta, con quinoa, chía y lino Cereales Milenarios Chiquilín Artiach 260 g.","3,25 €",,"12,50 €/kg",,La Despensa,Desayuno,Galletas,https://static.carrefour.es/hd_510x_/img_pim_food/828521_00_1.jpg
https://www.carrefour.es/supermercado/queso-en-lonchas-proteina-plus-carrefour-sensation-150-g/R-VC4AECOMM-422061/p,Queso en lonchas Proteína Plus Carrefour Sensation 150 g.,"2,59 €",,"17,27 €/kg",,Productos Frescos,Quesos,Tierno,https://static.carrefour.es/hd_510x_/img_pim_food/422061_00_1.jpg
https://www.carrefour.es/supermercado/aceite-de-oliva-virgen-extra-picual-ecologico-oro-bailen-500-ml/R-VC4AECOMM-615088/p,Aceite de oliva virgen extra picual ecológico Oro Bailén 500 ml.,"18,92 €",,"37,84 €/l",,La Despensa,Alimentación,Aceites y vinagres,https://static.carrefour.es/hd_510x_/img_pim_food/615088_00_1.jpg
https://www.carrefour.es/supermercado/lavavajillas-a-mano-desengrasante-limon-carrefour-expert-1-l/R-prod80604/p,Lavavajillas a mano desengrasante limón Carrefour Expert 1 l.,"1,41 €",,"1,41 €/l",,Limpieza y Hogar,Productos para Cocina,Lavavajillas a Mano,https://static.carrefour.es/hd_510x_/img_pim_food/149541_00_1.jpg
https://www.carrefour.es/supermercado/queso-lovale-ecologico-carrefour-bio-180-g/R-VC4AECOMM-684041/p,Queso L'Ovale ecológico Carrefour Bio 180 g,"3,55 €",,"19,72 €/kg",,Productos Frescos,Quesos,Tierno,https://static.carrefour.es/hd_510x_/img_pim_food/684041_00_1.jpg
https://www.carrefour.es/supermercado/yogur-griego-natural-carrefour-extra-pack-de-6-unidades-de-125-g/R-VC4AECOMM-475662/p,Yogur griego natural Carrefour Extra pack de 6 unidades de 125 g.,"1,55 €",,"2,07 €/kg",,La Despensa,Yogures y Postres,Yogures Griegos y Enriquecidos,https://static.carrefour.es/hd_510x_/img_pim_food/475662_00_1.jpg
https://www.carrefour.es/supermercado/lecitina-de-soja-vive-sin-gluten-250-g/R-590209633/p,Lecitina de soja Vive+ sin gluten 250 g.,"5,35 €",,"21,40 €/kg",,La Despensa,Alimentación,Vitaminas y Complementos,https://static.carrefour.es/hd_510x_/img_pim_food/266438_00_1.jpg
https://www.carrefour.es/supermercado/cerveza-corona-cero-00-alcohol-botella-33-cl/R-VC4AECOMM-147896/p,"Cerveza Corona Cero 0,0 alcohol botella 33 cl.","1,81 €",,"5,48 €/l",,Bebidas,Cerveza,Todas las Cervezas,https://static.carrefour.es/hd_510x_/img_pim_food/147896_00_1.jpg
https://www.carrefour.es/supermercado/desenredante-capilar-sin-aclarado-citrico-y-romero-soft-carrefour-200-ml/R-VC4AECOMM-643710/p,Desenredante capilar sin aclarado cítrico y romero Soft Carrefour 200 ml.,"3,05 €",,"1,52 €/100ml",,Perfumería e Higiene,Cabello,Cuidado y Tratamientos del cabello,https://static.carrefour.es/hd_510x_/img_pim_food/643710_00_1.jpg
https://www.carrefour.es/supermercado/salchichon-iberico-extra-al-corte-boadas-1880-sin-gluten-90-g/R-VC4AECOMM-101254/p,Salchichón ibérico extra al corte Boadas 1880 sin gluten 90 g,"4,25 €",,"47,22 €/kg",,Productos Frescos,Charcutería,"Salchichón, Salami y Fuet",https://static.carrefour.es/hd_510x_/img_pim_food/101254_00_1.jpg
https://www.carrefour.es/supermercado/zumo-tropical-carrefour-pack-de-6-briks-de-20-cl/R-694608976/p,Zumo tropical Carrefour pack de 6 briks de 20 cl.,"2,09 €",,"1,74 €/l",,Bebidas,Aguas y Zumos,Zumos no Refrigerados,https://static.carrefour.es/hd_510x_/img_pim_food/093850_00_1.jpg
https://www.carrefour.es/supermercado/alas-de-pollo-congeladas-1-kg/R-fprod1480188/p,Alas de Pollo Congeladas 1 kg,"4,09 €",,"4,09 €/kg",,Productos Frescos,Carnicería,Otras carnes,https://static.carrefour.es/hd_510x_/img_pim_food/413309_00_1.jpg
https://www.carrefour.es/supermercado/bebida-de-alpiste-ecologica-soria-natural-sin-gluten-sin-lactosa-brik-1-l/R-792587750/p,Bebida de alpiste ecológica Soria Natural sin gluten sin lactosa brik 1 l.,"2,35 €",,"2,35 €/l",,La Despensa,Lácteos,Bebida Vegetal,https://static.carrefour.es/hd_510x_/img_pim_food/890372_00_1.jpg
https://www.carrefour.es/supermercado/tinte-660-rojo-intenso-garnier-olia-1-ud/R-684403576/p,Tinte 6.60 Rojo Intenso Garnier Olia 1 ud.,"8,35 €",,"8,35 €/ud",,Perfumería e Higiene,Cabello,Tinte,https://static.carrefour.es/hd_510x_/img_pim_food/073465_00_1.jpg
https://www.carrefour.es/supermercado/gelatina-light-sabor-fresa-sin-azucar-anadido-carrefour-sin-gluten-pack-de-6-unidades-de-100-g/R-prod1010194/p,Gelatina light sabor fresa sin azúcar añadido Carrefour sin gluten pack de 6 unidades de 100 g.,"1,08 €",,"1,80 €/kg",,La Despensa,Yogures y Postres,Gelatina,https://static.carrefour.es/hd_510x_/img_pim_food/089854_00_1.jpg
https://www.carrefour.es/supermercado/acondicionador-camomila-trigo-para-cabello-rubio-les-cosmetiques-nectar-of-beauty-500-ml/R-656901765/p,Acondicionador Camomila & Trigo para cabello rubio Les Cosmétiques -Nectar of Beauty 500 ml.,"2,45 €",,"0,82 €/100ml",,Perfumería e Higiene,Cabello,Acondicionadores,https://static.carrefour.es/hd_510x_/img_pim_food/309112_00_1.jpg
https://www.carrefour.es/supermercado/galletas-rellenas-con-crema-de-cacao-nocilla-sin-aceite-de-palma-160-g/R-VC4AECOMM-624559/p,Galletas Rellenas con Crema de Cacao Nocilla sin Aceite de Palma 160 g.,"3,09 €",,"19,31 €/kg",,,,,https://static.carrefour.es/hd_510x_/img_pim_food/624559_00_1.jpg
https://www.carrefour.es/supermercado/pizza-funghi-ristorante-dr-oetker-365-g/R-551901788/p,Pizza funghi Ristorante Dr. Oetker 365 g,"3,89 €",,"10,66 €/kg",,Congelados,Pizzas Congeladas,,https://static.carrefour.es/hd_510x_/img_pim_food/795247_00_1.jpg
https://www.carrefour.es/supermercado/refresco-lima-limon-enjoy-botella-2-l/R-VC4AECOMM-045070/p,Refresco lima-limón Enjoy botella 2 L,"0,99 €",,"0,49 €/l",,Bebidas,Refrescos,Sabores con Gas,https://static.carrefour.es/hd_510x_/img_pim_food/045070_00_1.jpg
https://www.carrefour.es/supermercado/pan-cristalino-100-integral-realfooding-195-g/R-VC4AECOMM-493323/p,Pan Cristalino 100% Integral Realfooding 195 g,"3,05 €",,"15,64 €/kg",,Productos Frescos,Panadería Tradicional,Pan Tradicional,https://static.carrefour.es/hd_510x_/img_pim_food/493323_00_1.jpg
https://www.carrefour.es/supermercado/chics-york-queso-y-atun-carrefour-15-ud/R-VC4AECOMM-103762/p,"Chics York, Queso y Atún Carrefour 15 ud.","1,75 €",,"0,12 €/ud",,Productos Frescos,Panadería Tradicional,Empanadas y hojaldres,https://static.carrefour.es/hd_510x_/img_pim_food/103762_00_1.jpg
https://www.carrefour.es/supermercado/curcuma-ecologica-carrefour-bio-30-g/R-prod1023313/p,Cúrcuma ecológica Carrefour Bio 30 g.,"2,35 €",,"78,33 €/kg",,La Despensa,Alimentación,Especias y Sazonadores,https://static.carrefour.es/hd_510x_/img_pim_food/108623_00_1.jpg
https://www.carrefour.es/supermercado/crema-de-galleta-caramelo-con-tequila-regidor-70-cl/R-VC4AECOMM-406900/p,Crema de galleta caramelo con tequila Regidor 70 cl.,"9,29 €",,"13,27 €/l",,Bebidas,Licores y Cremas,Cremas,https://static.carrefour.es/hd_510x_/img_pim_food/406900_00_1.jpg
https://www.carrefour.es/supermercado/palomitas-sabor-barbacoa-para-microondas-xtra-bbq-popitas-sin-gluten-pack-de-2-unidades-de-80-g/R-VC4AECOMM-182354/p,Palomitas sabor barbacoa para microondas Xtra Bbq Popitas sin gluten pack de 2 unidades de 80 g.,"3,15 €",,"19,69 €/kg",,La Despensa,Aperitivos,Palomitas,https://static.carrefour.es/hd_510x_/img_pim_food/182354_00_1.jpg
https://www.carrefour.es/supermercado/queso-petit-saint-pauli-carrefour-340-g/R-VC4AECOMM-685716/p,Queso Petit Saint-Pauli Carrefour 340 g,"5,25 €",,"15,44 €/kg",,Productos Frescos,Quesos,Otros Internacionales,https://static.carrefour.es/hd_510x_/img_pim_food/685716_00_1.jpg
https://www.carrefour.es/supermercado/san-jacobos-recetas-crujientes-la-cocinera-388-g/R-762341894/p,San Jacobos recetas crujientes La Cocinera 388 g.,"5,55 €",,"14,30 €/kg",,Congelados,Rebozados y Platos Preparados,,https://static.carrefour.es/hd_510x_/img_pim_food/770667_00_1.jpg
https://www.carrefour.es/supermercado/verduras-asadas-con-patatas-gajo-ultracongeladas-findus-480-g/R-608101863/p,Verduras asadas con patatas gajo ultracongeladas Findus 480 g.,"4,59 €",,"9,56 €/kg",,Congelados,Salteados Congelados,,https://static.carrefour.es/hd_510x_/img_pim_food/351378_00_1.jpg
https://www.carrefour.es/supermercado/brownie-de-chocolate-340-g/R-prod240515/p,Brownie de chocolate 340 g,"3,89 €",,"11,44 €/kg",,Productos Frescos,Panadería Tradicional,Bollería Tradicional,https://static.carrefour.es/hd_510x_/img_pim_food/937579_00_1.jpg
https://www.carrefour.es/supermercado/calendario-adviento-milka-200-g/R-VC4AECOMM-096181/p,Calendario Adviento Milka 200 g.,"5,99 €",,"29,95 €/kg",,,,,https://static.carrefour.es/hd_510x_/img_pim_food/096181_00_1.jpg
https://www.carrefour.es/supermercado/champu-purificante-con-aroma-a-menta-herbal-essences-350-ml/R-VC4AECOMM-495749/p,Champú purificante con aroma a menta Herbal Essences 350 ml.,"5,75 €",,"1,64 €/100ml",,Perfumería e Higiene,Cabello,Champús,https://static.carrefour.es/hd_510x_/img_pim_food/495749_00_1.jpg
https://www.carrefour.es/supermercado/salchichas-frankfurt-campofrio-sin-gluten-sin-lactosa-pack-de-4-unidades-de-140-g/R-531705139/p,Salchichas Frankfurt Campofrío sin gluten sin lactosa pack de 4 unidades de 140 g.,"2,35 €",,"4,20 €/kg",,Productos Frescos,Charcutería,Salchichas,https://static.carrefour.es/hd_510x_/img_pim_food/177375_00_1.jpg
https://www.carrefour.es/supermercado/vino-rosado-penascal-00-alcohol-25-cl/R-VC4AECOMM-175300/p,"Vino rosado Peñascal 0,0 alcohol 25 cl.","2,39 €",,"2,39 €/ud",,Bebidas,Vinos,Rosado,https://static.carrefour.es/hd_510x_/img_pim_food/175300_00_1.jpg
https://www.carrefour.es/supermercado/proteccion-masculina-normal-absodys-carrefour-20-ud/R-608702982/p,Proteccion masculina normal Absodys Carrefour 20 ud.,"10,59 €",,"0,53 €/ud",,Perfumería e Higiene,Higiene íntima,Incontinencia,https://static.carrefour.es/hd_510x_/img_pim_food/395454_00_1.jpg
https://www.carrefour.es/supermercado/galletas-maria-dorada-family-biscuits-600-g/R-VC4AECOMM-207549/p,Galletas maría dorada Family Biscuits 600 g.,"1,27 €",,"2,12 €/kg",,La Despensa,Desayuno,Galletas,https://static.carrefour.es/hd_510x_/img_pim_food/207549_00_1.jpg
https://www.carrefour.es/supermercado/compresas-ultra-finas-con-alas-teen-day-carrefour-soft-14-ud/R-720311659/p,Compresas ultra finas con alas Teen Day Carrefour Soft 14 ud.,"1,81 €",,"0,13 €/ud",,Perfumería e Higiene,Higiene íntima,Compresas,https://static.carrefour.es/hd_510x_/img_pim_food/641957_00_1.jpg
https://www.carrefour.es/supermercado/corazones-de-alcachofa-enteros-classic-carrefour-240-g/R-540202016/p,Corazones de alcachofa enteros Classic Carrefour 240 g.,"1,99 €",,"8,29 €/kg",,La Despensa,"Conservas, Sopas y Precocinados",Conservas de Vegetales,https://static.carrefour.es/hd_510x_/img_pim_food/231275_00_1.jpg
https://www.carrefour.es/supermercado/infusion-en-bolsitas-infulax-hornimans-20-ud/R-776704229/p,Infusión en bolsitas Infulax Hornimans 20 ud.,"2,89 €",,"96,33 €/kg",,La Despensa,Desayuno,Infusiones y Tés,https://static.carrefour.es/hd_510x_/img_pim_food/787794_00_1.jpg
https://www.carrefour.es/supermercado/entrecot-de-lomo-de-cerdo-iberico-marinado-legado-iberico-300-g/R-VC4AECOMM-356016/p,Entrecot de lomo de cerdo ibérico marinado Legado Ibérico 300 g,"4,99 €",,"16,63 €/kg",,Productos Frescos,Carnicería,Cerdo,https://static.carrefour.es/hd_510x_/img_pim_food/356016_00_1.jpg
https://www.carrefour.es/supermercado/estropajo-vileda-no-raya-21/R-VC4AECOMM-492608/p,Estropajo VILEDA No Raya 2+1,"2,15 €",,"0,72 €/ud",,Limpieza y Hogar,Utensilios de Limpieza,Estropajos,https://static.carrefour.es/hd_510x_/img_pim_food/492608_00_1.jpg
https://www.carrefour.es/supermercado/pienso-de-pavo-para-gatos-delicate-one-delicate-purina-one-800-g/R-798482529/p,Pienso de pavo para gatos Delicate One Delicate Purina One 800 g,"5,59 €",,"6,99 €/kg",,Mascotas,Gatos,Pienso para gatos,https://static.carrefour.es/hd_510x_/img_pim_food/901630_00_1.jpg
https://www.carrefour.es/supermercado/gel-limpiador-facial-dermopure-piel-grasa-con-imperfecciones-eucerin-200-ml/R-prod490080/p,Gel limpiador facial DermoPure piel grasa con imperfecciones Eucerin 200 ml.,"18,29 €",,"9,14 €/100ml",,Parafarmacia,Cuidado e higiene facial,Cuidado Acné,https://static.carrefour.es/hd_510x_/img_pim_food/830611_00_1.jpg
https://www.carrefour.es/supermercado/caja-de-panuelos-deco-carrefour-60-ud/R-prod731123/p,Caja de pañuelos Deco Carrefour 60 ud.,"1,50 €",,"0,02 €/ud",,Limpieza y Hogar,Papel y Celulosa,Pañuelos,https://static.carrefour.es/hd_510x_/img_pim_food/856007_00_1.jpg
https://www.carrefour.es/supermercado/mezcla-de-verduras-y-legumbre-cocinadas-para-cuscus-carrefour-sensation-660-g/R-VC4AECOMM-300922/p,Mezcla de verduras y legumbre cocinadas para cuscús Carrefour Sensation 660 g.,"2,35 €",,"3,56 €/kg",,La Despensa,"Conservas, Sopas y Precocinados",Platos Preparados,https://static.carrefour.es/hd_510x_/img_pim_food/300922_00_1.jpg
https://www.carrefour.es/supermercado/limpiador-facial-granos-persistentes-spot-controlling-neutrogena-200-ml/R-prod550183/p,Limpiador facial granos persistentes Spot Controlling Neutrogena 200 ml.,"16,59 €",,"8,29 €/100ml",,Parafarmacia,Cuidado e higiene facial,Cuidado Acné,https://static.carrefour.es/hd_510x_/img_pim_food/836135_00_1.jpg
https://www.carrefour.es/supermercado/chocolate-negro-70-ecologico-suchard-90-g/R-prod480092/p,Chocolate negro 70% ecológico Suchard 90 g.,"3,05 €",,"33,89 €/kg",,La Despensa,Dulce,Bombones y Chocolates,https://static.carrefour.es/hd_510x_/img_pim_food/828173_00_1.jpg
https://www.carrefour.es/supermercado/desmaquillante-de-cara-y-ojos-paa-pieles-con-manchas-sesderma-200-ml/R-804031699/p,Desmaquillante de cara y ojos paa pieles con manchas Sesderma 200 ml.,"9,15 €",,"4,57 €/100ml",,Parafarmacia,Cuidado e higiene facial,Desmaquillantes,https://static.carrefour.es/hd_510x_/img_pim_food/905461_00_1.jpg
https://www.carrefour.es/supermercado/salchichon-iberico-gran-seleccion-navidul-sin-gluten-100-g/R-VC4AECOMM-709707/p,Salchichón ibérico Gran Selección Navidul sin gluten 100 g.,"3,55 €",,"35,50 €/kg",,Productos Frescos,Charcutería,"Salchichón, Salami y Fuet",https://static.carrefour.es/hd_510x_/img_pim_food/709707_00_1.jpg
https://www.carrefour.es/supermercado/limpiadora-hidratante-cerave-236-ml/R-VC4AECOMM-147606/p,Limpiadora hidratante Cerave 236 ml.,"9,15 €",,"3,88 €/100ml",,Parafarmacia,Cuidado e higiene facial,Tónicos y Lociones,https://static.carrefour.es/hd_510x_/img_pim_food/147606_00_1.jpg
https://www.carrefour.es/supermercado/leche-infantil-para-lactantes-en-polvo-nestle-nativa-1-lata-800-g/R-531705135/p,Leche infantil para lactantes en polvo Nestlé Nativa 1 lata 800 g.,"11,89 €",,"14,86 €/kg",,Bebé,Alimentación infantil,Leches Infantiles,https://static.carrefour.es/hd_510x_/img_pim_food/177223_00_1.jpg
https://www.carrefour.es/supermercado/chocolate-con-leche-extrafino-carrefour-classic-sin-gluten-pack-de-3-tabletas-de-150-g/R-521029132/p,Chocolate con leche extrafino Carrefour Classic sin gluten pack de 3 tabletas de 150 g.,"4,65 €",,"10,33 €/kg",,La Despensa,Dulce,Bombones y Chocolates,https://static.carrefour.es/hd_510x_/img_pim_food/231568_00_1.jpg
https://www.carrefour.es/supermercado/salsa-carbonara-carrefour-sobre-40-g/R-521005259/p,Salsa carbonara Carrefour sobre 40 g.,"1,50 €",,"37,50 €/kg",,La Despensa,Alimentación,Salsas y Tomate Frito,https://static.carrefour.es/hd_510x_/img_pim_food/430313_00_1.jpg
https://www.carrefour.es/supermercado/gelatina-seleccion-de-pescados-para-gato-adulto-felix-duo-purina-4x85-g/R-VC4AECOMM-719066/p,Gelatina selección de pescados para gato adulto Felix Duo Purina 4x85 g,"2,59 €",,"7,62 €/kg",,Mascotas,Gatos,Pienso para gatos,https://static.carrefour.es/hd_510x_/img_pim_food/719066_00_1.jpg
https://www.carrefour.es/supermercado/tartaletas-de-chocolate-rellenas-de-crema-de-cacahuete-reeses-170-g/R-VC4AECOMM-503877/p,Tartaletas de chocolate rellenas de crema de cacahuete Reese's 170 g.,"5,39 €",,"31,71 €/kg",,La Despensa,Dulce,Bombones y Chocolates,https://static.carrefour.es/hd_510x_/img_pim_food/503877_00_1.jpg
https://www.carrefour.es/supermercado/borraja-sin-sal-anadida-classic-carrefour-400-g/R-prod1160170/p,Borraja sin sal añadida Classic Carrefour 400 g.,"2,25 €",,"5,62 €/kg",,La Despensa,"Conservas, Sopas y Precocinados",Conservas de Vegetales,https://static.carrefour.es/hd_510x_/img_pim_food/206025_00_1.jpg
https://www.carrefour.es/supermercado/la-casera-sabor-cola-lata-33-cl/R-589701676/p,La Casera sabor cola lata 33 cl.,"0,66 €",,"2,00 €/l",,Bebidas,Refrescos,Colas,https://static.carrefour.es/hd_510x_/img_pim_food/029588_00_1.jpg
https://www.carrefour.es/supermercado/salchichas-bockwurst-carrefour-original-sin-gluten-y-sin-lactosa-540-g/R-fprod1260188/p,Salchichas Bockwurst Carrefour Original sin gluten y sin lactosa 540 g.,"7,15 €",,"13,24 €/kg",,Productos Frescos,Charcutería,Salchichas,https://static.carrefour.es/hd_510x_/img_pim_food/320137_00_1.jpg
https://www.carrefour.es/supermercado/detergente-en-polvo-basico-ariel-40-lavados/R-VC4AECOMM-311246/p,Detergente en polvo básico Ariel 40 lavados.,"11,59 €",,"0,29 €/lavado",,Limpieza y Hogar,Cuidado de la Ropa,Detergentes,https://static.carrefour.es/hd_510x_/img_pim_food/311246_00_1.jpg
https://www.carrefour.es/supermercado/pinon-iberico-carmencita-35-g/R-737026368/p,Piñón ibérico Carmencita 35 g.,"11,75 €",,"335,71 €/kg",,La Despensa,Alimentación,Especias y Sazonadores,https://static.carrefour.es/hd_510x_/img_pim_food/705392_00_1.jpg
https://www.carrefour.es/supermercado/estropajo-borrador-magico-don-limpio-2-ud/R-521001791/p,Estropajo Borrador Mágico Don Limpio 2 ud.,"3,15 €",,"1,57 €/ud",,Limpieza y Hogar,Utensilios de Limpieza,Estropajos,https://static.carrefour.es/hd_510x_/img_pim_food/559887_00_1.jpg
https://www.carrefour.es/supermercado/green-cola-zero-azucar-botella-15-l/R-prod660005/p,"Green Cola zero azúcar botella 1,5 l.","2,05 €",,"1,37 €/l",,Bebidas,Refrescos,Colas,https://static.carrefour.es/hd_510x_/img_pim_food/845086_00_1.jpg
https://www.carrefour.es/supermercado/arroz-basmati-sensation-carrefour-1-kg/R-VC4AECOMM-724474/p,Arroz basmati Sensation Carrefour 1 kg.,"2,29 €",,"2,29 €/kg",,La Despensa,Alimentación,Arroz y Cous Cous,https://static.carrefour.es/hd_510x_/img_pim_food/724474_00_1.jpg
https://www.carrefour.es/supermercado/kas-de-limon-sin-azucares-anadidos-lata-33-cl/R-590212993/p,Kas de limón sin azúcares añadidos lata 33 cl.,"0,76 €",,"2,30 €/l",,Bebidas,Refrescos,Sabores con Gas,https://static.carrefour.es/hd_510x_/img_pim_food/501025_00_1.jpg
https://www.carrefour.es/supermercado/crema-contorno-de-ojos-con-vitamina-b3-vitamina-c-y-peptidos-vitamin-b3-24-vitamin-c-olay-15-ml/R-VC4AECOMM-064006/p,"Crema contorno de ojos con vitamina B3, vitamina C y péptidos Vitamin B3 24 + Vitamin C Olay 15 ml.","32,30 €",,"215,33 €/100ml",,Perfumería e Higiene,Cosmética,Rostro,https://static.carrefour.es/hd_510x_/img_pim_food/064006_00_1.jpg
https://www.carrefour.es/supermercado/spirulina-vitamina-b12-sanon-200-ud/R-595201696/p,Spirulina + vitamina B12 Sanon 200 ud.,"9,99 €",,"2,00 €/100g",,Parafarmacia,Nutrición y Dietética,Complementos Vitamínicos,https://static.carrefour.es/hd_510x_/img_pim_food/350931_00_1.jpg
https://www.carrefour.es/supermercado/galletas-caramelizadas-con-chocolate-belga-lotus-biscoff-154-g/R-prod221257/p,Galletas caramelizadas con chocolate belga Lotus Biscoff 154 g.,"2,19 €",,"14,22 €/kg",,La Despensa,Desayuno,Galletas,https://static.carrefour.es/hd_510x_/img_pim_food/768043_00_1.jpg
https://www.carrefour.es/supermercado/pechuga-de-pavo-braseada-en-lonchas-finas-el-pozo-sin-gluten-115-g/R-VC4AECOMM-175751/p,Pechuga de Pavo Braseada en lonchas finas El Pozo sin gluten 115 g,"1,25 €",,"10,87 €/kg",,Productos Frescos,Charcutería,Fiambre de Pavo y Pollo,https://static.carrefour.es/hd_510x_/img_pim_food/175751_00_1.jpg
https://www.carrefour.es/supermercado/dentifrico-para-dientes-sensibles-repair-protect-blanqueante-sensodyne-75-ml/R-668105509/p,Dentífrico para dientes sensibles Repair & Protect Blanqueante Sensodyne 75 ml.,"4,69 €",,"6,25 €/100ml",,Perfumería e Higiene,Boca y Sonrisa,Dentífricos,https://static.carrefour.es/hd_510x_/img_pim_food/328266_00_1.jpg
https://www.carrefour.es/supermercado/jellies-de-goma-carrefour-classic-sin-gluten-200-g/R-VC4AECOMM-614959/p,Jellies de goma Carrefour Classic sin gluten 200 g.,"1,20 €",,"6,00 €/kg",,La Despensa,Dulce,Dulces y Golosinas,https://static.carrefour.es/hd_510x_/img_pim_food/614959_00_1.jpg
https://www.carrefour.es/supermercado/cacahuetes-tostados-y-salados-classic-carrefour-400-g/R-680501913/p,Cacahuetes tostados y salados Classic Carrefour 400 g.,"1,55 €",,"3,87 €/kg",,La Despensa,Aperitivos,Frutos Secos,https://static.carrefour.es/hd_510x_/img_pim_food/062997_00_1.jpg
https://www.carrefour.es/supermercado/bocadillo-veleno-gourmet-latino-950-g/R-590507626/p,Bocadillo veleño Gourmet Latino 950 g.,"4,99 €",,"5,25 €/kg",,La Despensa,Dulce,"Mermeladas, Membrillos y Compotas",https://static.carrefour.es/hd_510x_/img_pim_food/535717_00_1.jpg
https://www.carrefour.es/supermercado/papel-higienico-acolchado-carrefour-24-rollos/R-prod841478/p,Papel higiénico acolchado Carrefour 24 rollos,"14,45 €",,"0,60 €/ud",,Limpieza y Hogar,Papel y Celulosa,Papel Higiénico,https://static.carrefour.es/hd_510x_/img_pim_food/760959_00_1.jpg
https://www.carrefour.es/supermercado/azafran-molido-carmencita-0375-g/R-521012501/p,"Azafrán molido Carmencita 0,375 g","4,29 €",,"4,29 €/ud",,La Despensa,Alimentación,Especias y Sazonadores,https://static.carrefour.es/hd_510x_/img_pim_food/002138_00_1.jpg
https://www.carrefour.es/supermercado/crema-reparadora-de-urea-extra-hidratante-para-piel-seca-instituto-espanol-400-ml/R-prod301150/p,Crema reparadora de urea extra hidratante para piel seca Instituto Español 400 ml.,"4,35 €",,"1,09 €/100ml",,Perfumería e Higiene,Cuidado y Protección Corporal,"Body Milk, Hidratación Bajo la Ducha",https://static.carrefour.es/hd_510x_/img_pim_food/352187_00_1.jpg
https://www.carrefour.es/supermercado/cereales-crunchy-3-chocolates-carrefour-500-g/R-VC4AECOMM-179998/p,Cereales crunchy 3 chocolates Carrefour 500 g.,"3,05 €",,"6,10 €/kg",,La Despensa,Desayuno,Cereales,https://static.carrefour.es/hd_510x_/img_pim_food/179998_00_1.jpg
https://www.carrefour.es/supermercado/recambio-sensor-excel-gillette-10-ud/R-521000963/p,Recambio Sensor Excel Gillette 10 ud.,"16,25 €",,"1,62 €/ud",,Perfumería e Higiene,Depilación y Afeitado,Maquinillas y Recambios,https://static.carrefour.es/hd_510x_/img_pim_food/001149_00_1.jpg
https://www.carrefour.es/supermercado/vino-do-rioja-tinto-crianza-laturce-75-cl/R-prod251325/p,Vino D.O. Rioja Tinto crianza Laturce 75 cl.,"8,69 €",,"8,69 €/ud",,Bebidas,Vinos,Tinto,https://static.carrefour.es/hd_510x_/img_pim_food/292435_00_1.jpg
https://www.carrefour.es/supermercado/creamy-original-violife-sin-gluten-sin-lactosa-150-g/R-prod860562/p,Creamy Original Violife sin gluten sin lactosa 150 g.,"3,32 €",,"22,13 €/kg",,Productos Frescos,Quesos,Todos los Quesos,https://static.carrefour.es/hd_510x_/img_pim_food/389064_00_1.jpg
https://www.carrefour.es/supermercado/carrefour-comida-para-conejos-3kg/R-720864268/p,Carrefour Comida para Conejos 3Kg,"7,15 €",,"2,38 €/kg",,Mascotas,Conejos y roedores,Pienso para conejos y rodeores,https://static.carrefour.es/hd_510x_/img_pim_food/460971_00_1.jpg
https://www.carrefour.es/supermercado/nubes-de-goma-con-chocolate-chamallows-soft-kiss-haribo-sin-gluten-175-g/R-795814564/p,Nubes de goma con chocolate Chamallows Soft Kiss Haribo sin gluten 175 g.,"2,69 €",,"15,37 €/kg",,La Despensa,Dulce,Dulces y Golosinas,https://static.carrefour.es/hd_510x_/img_pim_food/897164_00_1.jpg
https://www.carrefour.es/supermercado/filete-de-melva-en-aceite-de-girasol-extra-carrefour-85-g/R-VC4AECOMM-127520/p,Filete de melva en aceite de girasol Extra Carrefour 85 g.,"2,15 €",,"25,29 €/kg",,La Despensa,"Conservas, Sopas y Precocinados",Conservas de Pescado y Marisco,https://static.carrefour.es/hd_510x_/img_pim_food/127520_00_1.jpg
https://www.carrefour.es/supermercado/snack-tortita-de-manzana-hero-kids-sin-gluten-40-g/R-VC4AECOMM-115590/p,Snack tortita de manzana Hero Kids sin gluten 40 g.,"2,79 €",,"69,75 €/kg",,Bebé,Alimentación infantil,Galletas y Snacks,https://static.carrefour.es/hd_510x_/img_pim_food/115590_00_1.jpg
https://www.carrefour.es/supermercado/carrefour-macarrones-bolonesa-325-g/R-521030407/p,Carrefour Macarrones Boloñesa 325 g.,"2,65 €",,"8,15 €/kg",,La Despensa,"Conservas, Sopas y Precocinados",Platos Preparados,https://static.carrefour.es/hd_510x_/img_pim_food/256814_00_1.jpg
https://www.carrefour.es/supermercado/complemento-alimentario-en-sticks-detox-pronutri-sin-gluten-16-ud/R-VC4AECOMM-475987/p,Complemento alimentario en sticks Detox Pronutri sin gluten 16 ud.,"5,59 €",,"69,87 €/kg",,La Despensa,Alimentación,Vitaminas y Complementos,https://static.carrefour.es/hd_510x_/img_pim_food/475987_00_1.jpg
https://www.carrefour.es/supermercado/limpia-muebles-carrefour-expert-750-ml/R-fprod1460513/p,Limpia muebles Carrefour Expert 750 ml.,"1,99 €",,"2,65 €/l",,Limpieza y Hogar,Productos para toda la casa,Limpia Muebles,https://static.carrefour.es/hd_510x_/img_pim_food/400356_00_1.jpg
https://www.carrefour.es/supermercado/galletas-sin-azucar-anadido-mini-prehistoricos-400-g/R-VC4AECOMM-501252/p,Galletas sin azúcar añadido Mini Prehistóricos 400 g.,"2,65 €",,"6,62 €/kg",,La Despensa,Desayuno,Galletas,https://static.carrefour.es/hd_510x_/img_pim_food/501252_00_1.jpg
https://www.carrefour.es/supermercado/desodorante-spray-pies-controla-la-sudoracion-y-la-humedad-babaria-150-ml/R-693401727/p,Desodorante spray pies controla la sudoración y la humedad Babaria 150 ml.,"3,19 €",,"2,13 €/100ml",,Perfumería e Higiene,Cuidado y Protección Corporal,Pies,https://static.carrefour.es/hd_510x_/img_pim_food/090039_00_1.jpg
https://www.carrefour.es/supermercado/mascarilla-quirurgica-desechable-tipo-iir-infantiles-soft-carrefour-pack-de-10-ud/R-VC4AECOMM-675898/p,Mascarilla quirúrgica desechable tipo IIR infantiles Soft Carrefour pack de 10 ud.,"0,95 €",,"0,09 €/ud",,Parafarmacia,Botiquín,Mascarillas,https://static.carrefour.es/hd_510x_/img_pim_food/675898_00_1.jpg
https://www.carrefour.es/supermercado/insecticida-cucarachas-carrefour-400-ml/R-521001890/p,Insecticida cucarachas Carrefour 400 ml.,"2,89 €",,"7,22 €/l",,Limpieza y Hogar,Productos para toda la casa,Insecticidas,https://static.carrefour.es/hd_510x_/img_pim_food/231442_00_1.jpg
https://www.carrefour.es/supermercado/yema-de-esparragos-de-navarra-muy-gruesos-extra-carrefour-135-g/R-VC4AECOMM-094762/p,Yema de espárragos de Navarra muy gruesos Extra Carrefour 135 g.,"4,15 €",,"30,74 €/kg",,La Despensa,"Conservas, Sopas y Precocinados",Conservas de Vegetales,https://static.carrefour.es/hd_510x_/img_pim_food/094762_00_1.jpg
https://www.carrefour.es/supermercado/vela-perfumada-de-vainilla-carrefour-essential-1-ud/R-VC4AECOMM-547696/p,Vela perfumada de vainilla Carrefour Essential 1 ud.,"1,79 €",,"1,79 €/ud",,Limpieza y Hogar,Ambientadores,Decorativos,https://static.carrefour.es/hd_510x_/img_pim_food/547696_00_1.jpg
https://www.carrefour.es/supermercado/protegeslip-normal-ecologico-pure-carrefour-soft-24-ud/R-632102127/p,Protegeslip normal ecológico Pure Carrefour Soft 24 ud.,"1,36 €",,"0,06 €/ud",,Perfumería e Higiene,Higiene íntima,Protege Slip,https://static.carrefour.es/hd_510x_/img_pim_food/808234_00_1.jpg
https://www.carrefour.es/supermercado/tortitas-de-arroz-con-chocolate-blanco-y-frutos-rojos-bicentury-132-g/R-prod730589/p,Tortitas de arroz con chocolate blanco y frutos rojos Bicentury 132 g.,"3,15 €",,"23,86 €/kg",,La Despensa,Aperitivos,Tortitas,https://static.carrefour.es/hd_510x_/img_pim_food/854239_00_1.jpg
https://www.carrefour.es/supermercado/tomate-cherokee-500-g-aprox/R-VC4AECOMM-477141/p,Tomate cherokee 500 g aprox,"2,34 €",,"4,68 €/kg",,Productos Frescos,Verduras y hortalizas,Tomates y Pepinos,https://static.carrefour.es/hd_510x_/img_pim_food/477141_00_1.jpg
https://www.carrefour.es/supermercado/crema-casera-de-champinones-con-pollo-100-natural-gallina-blanca-sin-gluten-500-ml/R-VC4AECOMM-551422/p,Crema casera de champiñones con pollo 100% natural Gallina Blanca sin gluten 500 ml.,"2,19 €",,"4,38 €/l",,La Despensa,"Conservas, Sopas y Precocinados","Caldos, Sopas y Pure",https://static.carrefour.es/hd_510x_/img_pim_food/551422_00_1.jpg
https://www.carrefour.es/supermercado/chocolate-blanco-lacasitos-sin-gluten-100-g/R-768805746/p,Chocolate blanco Lacasitos sin gluten 100 g.,"2,15 €",,"21,50 €/kg",,,,,https://static.carrefour.es/hd_510x_/img_pim_food/777207_00_1.jpg
https://www.carrefour.es/supermercado/brandy-de-jerez-alma-de-magno-solera-gran-reserva-70-cl/R-526600484/p,Brandy de Jerez Alma de Magno solera gran reserva 70 cl.,"17,39 €",,"24,84 €/l",,Bebidas,Alcoholes,Brandy y Coñac,https://static.carrefour.es/hd_510x_/img_pim_food/004519_00_1.jpg
https://www.carrefour.es/supermercado/tinte-classic-4n-castano-farmatint-1-ud/R-590507692/p,Tinte Classic 4N Castaño Farmatint 1 ud.,"9,29 €",,"9,29 €/ud",,Parafarmacia,Cabello,Tintes,https://static.carrefour.es/hd_510x_/img_pim_food/541525_00_1.jpg
https://www.carrefour.es/supermercado/salsa-de-bacon-caramelizado-extra-carrefour-220-g/R-VC4AECOMM-171448/p,Salsa de bacon caramelizado Extra Carrefour 220 g.,"3,09 €",,"14,05 €/kg",,La Despensa,Alimentación,Salsas y Tomate Frito,https://static.carrefour.es/hd_510x_/img_pim_food/171448_00_1.jpg
https://www.carrefour.es/supermercado/preservativos-sensitivo-suave-para-mayor-sensibilidad-talla-pequena-durex-10-ud/R-VC4AECOMM-486975/p,Preservativos sensitivo suave para mayor sensibilidad talla pequeña Durex 10 ud.,"10,65 €",,"1,06 €/ud",,Perfumería e Higiene,Bienestar Sexual,Preservativos,https://static.carrefour.es/hd_510x_/img_pim_food/486975_00_1.jpg
https://www.carrefour.es/supermercado/galletas-con-tableta-de-chocolate-con-leche-ecologicas-carrefour-bio-150-g/R-858200354/p,Galletas con tableta de chocolate con leche ecológicas Carrefour Bio 150 g.,"2,19 €",,"14,60 €/kg",,La Despensa,Desayuno,Galletas,https://static.carrefour.es/hd_510x_/img_pim_food/108518_00_1.jpg
https://www.carrefour.es/supermercado/agua-mineral-lanjaron-15-l/R-520661060/p,"Agua mineral Lanjarón 1,5 l.","0,67 €",,"0,45 €/l
- 4,02 €/6 uds.",,Bebidas,Aguas y Zumos,"Agua de 0,75 a 2 litros",https://static.carrefour.es/hd_510x_/img_pim_food/029203_00_1.jpg
https://www.carrefour.es/supermercado/panini-bacon-165-g/R-VC4AECOMM-087243/p,Panini Bacon 165 g,"1,75 €",,"10,61 €/kg",,Productos Frescos,Panadería Tradicional,Bollería Tradicional,https://static.carrefour.es/hd_510x_/img_pim_food/087243_00_1.jpg
https://www.carrefour.es/supermercado/carne-de-vacuno-hereford-340-g/R-521012536/p,Carne de vacuno Hereford 340 g.,"7,59 €",,"22,32 €/kg",,La Despensa,"Conservas, Sopas y Precocinados",Conservas de Carne,https://static.carrefour.es/hd_510x_/img_pim_food/002674_00_1.jpg
https://www.carrefour.es/supermercado/crema-de-queso-pina-arla-200-g/R-VC4AECOMM-239607/p,Crema de queso piña Arla 200 g.,"2,19 €",,"10,95 €/kg",,Productos Frescos,Quesos,Queso Fresco,https://static.carrefour.es/hd_510x_/img_pim_food/239607_00_1.jpg
https://www.carrefour.es/supermercado/cafe-mezcla-express-monodosis-carrefour-14-unidades-de-7-g/R-521003114/p,Café mezcla express monodosis Carrefour 14 unidades de 7 g.,"3,05 €",,"31,12 €/kg",,La Despensa,Desayuno,Cafés,https://static.carrefour.es/hd_510x_/img_pim_food/060108_00_1.jpg
https://www.carrefour.es/supermercado/chicles-sabor-hierbabuena-60-minutos-trident-22-g/R-671301852/p,Chicles sabor hierbabuena 60 minutos Trident 22 g.,"2,59 €",,"39,24 €/kg",,La Despensa,Dulce,Dulces y Golosinas,https://static.carrefour.es/hd_510x_/img_pim_food/335905_00_1.jpg
https://www.carrefour.es/supermercado/parches-de-ojos-biodegradables-antiarrugas-bolsas-y-ojeras-con-niacinamida-cafeina-y-peptidos-iroha-nature-2-ud/R-VC4AECOMM-740476/p,"Parches de ojos biodegradables antiarrugas, bolsas y ojeras con niacinamida, cafeína y péptidos Iroha Nature 2 ud.","3,39 €",,"3,39 €/ud",,Perfumería e Higiene,Cosmética,Ojos,https://static.carrefour.es/hd_510x_/img_pim_food/740476_00_1.jpg
https://www.carrefour.es/supermercado/cafe-capsulas-blonde-espresso-roast-starbucks-compatible-con-nespresso-36-ud/R-VC4AECOMM-081986/p,Café cápsulas blonde espresso roast Starbucks compatible con Nespresso 36 ud.,"17,29 €",,"91,97 €/kg",,La Despensa,Desayuno,Cafés,https://static.carrefour.es/hd_510x_/img_pim_food/081986_00_1.jpg
https://www.carrefour.es/supermercado/esparrago-frasco-verde-carretilla-9-33-190-g/R-546306026/p,Espárrago frasco verde carretilla 9/33 190 g.,"4,09 €",,"21,53 €/kg",,La Despensa,"Conservas, Sopas y Precocinados",Conservas de Vegetales,https://static.carrefour.es/hd_510x_/img_pim_food/110120_00_1.jpg
https://www.carrefour.es/supermercado/salsa-bechamel-carrefour-sobre-60-g/R-521005261/p,Salsa bechamel Carrefour sobre 60 g.,"1,50 €",,"25,00 €/kg",,La Despensa,Lácteos,Bechamel,https://static.carrefour.es/hd_510x_/img_pim_food/430314_00_1.jpg
https://www.carrefour.es/supermercado/pan-tostado-con-pasas-seleccion-carrefour-80-g/R-VC4AECOMM-147607/p,Pan tostado con pasas Selección Carrefour 80 g.,"2,29 €",,"28,62 €/kg",,La Despensa,"Panaderia, Bollería y Pastelería","Pan tostado, Biscottes y Barritas",https://static.carrefour.es/hd_510x_/img_pim_food/147607_00_1.jpg
https://www.carrefour.es/supermercado/gelatina-seleccion-de-carnes-para-gatos-felix-original-purina-4x85-g/R-VC4AECOMM-719068/p,Gelatina selección de carnes para gatos Felix Original Purina 4x85 g,"1,99 €",,"5,85 €/kg",,Mascotas,Gatos,Pienso para gatos,https://static.carrefour.es/hd_510x_/img_pim_food/719068_00_1.jpg
https://www.carrefour.es/supermercado/mollete-mediano-de-nuestra-tierra-4-ud/R-737026370/p,Mollete mediano De Nuestra Tierra 4 ud,"1,69 €",,"0,42 €/ud",,Productos Frescos,Panadería Tradicional,Pan Tradicional,https://static.carrefour.es/hd_510x_/img_pim_food/705393_00_1.jpg
https://www.carrefour.es/supermercado/escoba-multiuso-carrefour-gris/R-655302058/p,Escoba Multiuso Carrefour - Gris,"2,99 €",,"2,99 €/ud",,Limpieza y Hogar,Utensilios de Limpieza,"Escobas, Mopas y Recogedores",https://static.carrefour.es/hd_510x_/img_pim_food/810890_00_1.jpg
https://www.carrefour.es/supermercado/queso-rallado-mozzarella-margui-300-g/R-VC4AECOMM-519315/p,Queso rallado mozzarella Margui 300 g.,"3,05 €",,"10,17 €/kg",,Productos Frescos,Quesos,Rallados,https://static.carrefour.es/hd_510x_/img_pim_food/519315_00_1.jpg
https://www.carrefour.es/supermercado/pipas-de-girasol-sabor-barbacoa-carrefour-200-g/R-prod1070248/p,Pipas de girasol sabor barbacoa Carrefour 200 g.,"1,46 €",,"7,30 €/kg",,La Despensa,Aperitivos,Frutos Secos,https://static.carrefour.es/hd_510x_/img_pim_food/131720_00_1.jpg
https://www.carrefour.es/supermercado/atun-en-aceite-de-oliva-virgen-extra-ecologico-carrefour-pack-de-6-latas-de-52-g/R-VC4AECOMM-442010/p,Atún en aceite de oliva virgen extra ecológico Carrefour pack de 6 latas de 52 g.,"6,69 €",,"21,44 €/kg",,La Despensa,"Conservas, Sopas y Precocinados",Conservas de Pescado y Marisco,https://static.carrefour.es/hd_510x_/img_pim_food/442010_00_1.jpg
https://www.carrefour.es/supermercado/nectar-de-naranja-sin-azucar-anadida-carrefour-1-l/R-VC4AECOMM-670946/p,Néctar de naranja sin azúcar añadida Carrefour 1 l.,"1,05 €",,"1,05 €/l",,Bebidas,Aguas y Zumos,Zumos no Refrigerados,https://static.carrefour.es/hd_510x_/img_pim_food/670946_00_1.jpg
https://www.carrefour.es/supermercado/colutorio-de-uso-diario-que-previene-el-sangrado-gingival-causado-por-encias-delicadas-y-gingivitis-gingilacer-1000-ml/R-682701854/p,Colutorio de uso diario que previene el sangrado gingival causado por encías delicadas y gingivitis Gingilacer 1000 ml.,"16,75 €",,"1,67 €/100ml",,Parafarmacia,Higiene Bucal,Colutorio,https://static.carrefour.es/hd_510x_/img_pim_food/069167_00_1.jpg
https://www.carrefour.es/supermercado/zanahoria-rallada-bonduelle-280-g/R-590204363/p,Zanahoria rallada Bonduelle 280 g.,"3,05 €",,"10,89 €/kg",,La Despensa,"Conservas, Sopas y Precocinados",Conservas de Vegetales,https://static.carrefour.es/hd_510x_/img_pim_food/149648_00_1.jpg
https://www.carrefour.es/supermercado/jamon-cocido-braseado-en-lonchas-el-pozo-sin-gluten-115-g/R-VC4AECOMM-175744/p,Jamón Cocido Braseado en lonchas El Pozo sin gluten 115 g,"1,25 €",,"10,87 €/kg",,Productos Frescos,Charcutería,Jamón Cocido y Lacón,https://static.carrefour.es/hd_510x_/img_pim_food/175744_00_1.jpg
https://www.carrefour.es/supermercado/snacks-de-pollo-para-perro-carrefour-8-unidades/R-prod880292/p,Snacks de pollo para perro Carrefour 8 unidades,"2,49 €",,"0,31 €/ud",,Mascotas,Perros,"Premios, Snacks y Huesos",https://static.carrefour.es/hd_510x_/img_pim_food/927152_00_1.jpg
https://www.carrefour.es/supermercado/aceituna-gordal-alinada-con-hueso-classic-carrefour-500-g/R-VC4AECOMM-023354/p,Aceituna gordal aliñada con hueso Classic Carrefour 500 g.,"3,95 €",,"7,90 €/kg",,La Despensa,Aperitivos,Aceitunas y Encurtidos,https://static.carrefour.es/hd_510x_/img_pim_food/023354_00_1.jpg
https://www.carrefour.es/supermercado/pan-de-leche-con-pepitas-de-chocolate-280-g/R-VC4AECOMM-144081/p,Pan de Leche con Pepitas de Chocolate 280 g,"2,99 €",,"10,68 €/kg",,Productos Frescos,Panadería Tradicional,Bollería Tradicional,https://static.carrefour.es/hd_510x_/img_pim_food/144081_00_1.jpg
https://www.carrefour.es/supermercado/langostino-vannamei-cocido-32-40-carrefour-800-g/R-590505226/p,Langostino vannamei cocido 32/40 Carrefour 800 g.,"9,05 €",,"11,31 €/kg",,Congelados,Mariscos Congelados,,https://static.carrefour.es/hd_510x_/img_pim_food/287631_00_1.jpg
https://www.carrefour.es/supermercado/patatas-fritas-mediterraneas-lays-sin-gluten-150-g/R-VC4AECOMM-652696/p,Patatas fritas Mediterráneas Lay's sin gluten 150 g.,"2,99 €",,"19,93 €/kg",,La Despensa,Aperitivos,Patatas Fritas,https://static.carrefour.es/hd_510x_/img_pim_food/652696_00_1.jpg
https://www.carrefour.es/supermercado/agua-de-colonia-agua-brava-200-ml/R-prod840451/p,Agua de colonia Agua Brava 200 ml.,"21,30 €",,"10,65 €/100ml",,Perfumería e Higiene,Baño e Higiene Corporal,Colonias,https://static.carrefour.es/hd_510x_/img_pim_food/354337_00_1.jpg
https://www.carrefour.es/supermercado/tonica-schweppes-pomelo-y-baya-del-nepal-botella-20-cl/R-VC4AECOMM-060043/p,Tónica Schweppes pomelo y baya del Nepal botella 20 cl,"1,91 €",,"9,55 €/l",,Bebidas,Refrescos,Tónica,https://static.carrefour.es/hd_510x_/img_pim_food/060043_00_1.jpg
https://www.carrefour.es/supermercado/chorizo-nobleza-el-pozo-sin-gluten-70-g/R-VC4AECOMM-710817/p,Chorizo nobleza El pozo sin gluten 70 g.,"0,99 €",,"15,23 €/kg",,Productos Frescos,Charcutería,"Chorizo, Lomo y Otros",https://static.carrefour.es/hd_510x_/img_pim_food/710817_00_1.jpg
https://www.carrefour.es/supermercado/aceite-rosa-mosqueta-100-puro-ecologico-arganour-50-ml/R-prod62843/p,Aceite rosa mosqueta 100% puro ecológico Arganour 50 ml.,"9,35 €",,"18,70 €/100ml",,Parafarmacia,Cuidado corporal,Cremas y Lociones,https://static.carrefour.es/hd_510x_/img_pim_food/096835_00_1.jpg
https://www.carrefour.es/supermercado/snacks-dental-para-perros-medianos-brekkies-total-dent-28-unidades/R-720861347/p,Snacks dental para perros medianos Brekkies Total Dent 28 unidades,"9,95 €",,"13,82 €/kg",,Mascotas,Perros,"Premios, Snacks y Huesos",https://static.carrefour.es/hd_510x_/img_pim_food/357450_00_1.jpg
https://www.carrefour.es/supermercado/arroz-marinera-carrefour-250-g/R-590505782/p,Arroz marinera Carrefour 250 g.,"2,59 €",,"10,36 €/kg",,La Despensa,"Conservas, Sopas y Precocinados",Platos Preparados,https://static.carrefour.es/hd_510x_/img_pim_food/300517_00_1.jpg
https://www.carrefour.es/supermercado/gel-de-bano-dulces-suenos-johnsons-baby-750-ml/R-prod1070222/p,Gel de baño Dulces Sueños Johnson's Baby 750 ml.,"4,35 €",,"0,58 €/100ml",,Bebé,Perfumería e Higiene,Jabón Líquido,https://static.carrefour.es/hd_510x_/img_pim_food/130584_00_1.jpg
https://www.carrefour.es/supermercado/vino-tinto-crianza-tempranillo-3-reinos-do-ribera-del-duero-75-cl/R-fprod1190255/p,Vino tinto crianza tempranillo 3 Reinos D.O. Ribera del Duero 75 cl.,"4,45 €",,"4,45 €/ud",,,,,https://static.carrefour.es/hd_510x_/img_pim_food/236233_00_1.jpg
https://www.carrefour.es/supermercado/400-notas-adhesivas-76x76/R-VC4AECOMM-078003/p,400 Notas adhesivas 76X76,"3,59 €",,"0,01 €/ud",,Limpieza y Hogar,Papelería,Pequeño Accesorio,https://static.carrefour.es/hd_510x_/img_pim_food/078003_00_1.jpg
https://www.carrefour.es/supermercado/chocolate-negro-70-con-naranja-ecologico-intermon-oxfam-100-g/R-694303877/p,Chocolate negro 70% con naranja ecológico Intermón Oxfam 100 g.,"3,19 €",,"31,90 €/kg",,La Despensa,Dulce,Bombones y Chocolates,https://static.carrefour.es/hd_510x_/img_pim_food/092862_00_1.jpg
https://www.carrefour.es/supermercado/pizza-de-jamon-y-queso-bonnatura-gourmet-385-g/R-VC4AECOMM-517489/p,Pizza de jamón y queso Bonnatura Gourmet 385 G.,"2,69 €",,"6,99 €/kg",,Congelados,Pizzas Congeladas,,https://static.carrefour.es/hd_510x_/img_pim_food/517489_00_1.jpg
https://www.carrefour.es/supermercado/bagels-clasico-bimbo-4-ud/R-VC4AECOMM-479584/p,Bagels clásico Bimbo 4 ud.,"2,55 €",,"8,50 €/kg",,La Despensa,"Panaderia, Bollería y Pastelería",Especialidades de pan,https://static.carrefour.es/hd_510x_/img_pim_food/479584_00_1.jpg
https://www.carrefour.es/supermercado/whisky-bushmills-irlandes-70-cl/R-546102560/p,Whisky Bushmills irlandés 70 cl.,"21,30 €",,"30,43 €/l",,Bebidas,Alcoholes,Whisky y Bourbon,https://static.carrefour.es/hd_510x_/img_pim_food/683675_00_1.jpg
https://www.carrefour.es/supermercado/preparado-lacteo-infantil-de-crecimiento-desde-12-meses-en-polvo-almiron-profutura-3-duobiotik-sin-aceite-de-palma-lata-800-g/R-VC4AECOMM-807586/p,Preparado lácteo infantil de crecimiento desde 12 meses en polvo Almirón Profutura 3 Duobiotik sin aceite de palma lata 800 g.,"26,10 €",,"32,62 €/kg",,Parafarmacia,Bebé,Leche infantil,https://static.carrefour.es/hd_510x_/img_pim_food/807586_00_1.jpg
https://www.carrefour.es/supermercado/mango-en-rodajas-en-almibar-ligero-carrefour-classic-235-g/R-prod860625/p,Mango en rodajas en almíbar ligero Carrefour Classic 235 g.,"2,95 €",,"12,55 €/kg",,La Despensa,"Conservas, Sopas y Precocinados",Conservas de Frutas,https://static.carrefour.es/hd_510x_/img_pim_food/392885_00_1.jpg
https://www.carrefour.es/supermercado/brandy-de-jerez-magno-solera-reserva-1-l/R-859516622/p,Brandy de Jerez Magno solera reserva 1 l.,"17,75 €",,"17,75 €/l",,Bebidas,Alcoholes,Brandy y Coñac,https://static.carrefour.es/hd_510x_/img_pim_food/679095_00_1.jpg
https://www.carrefour.es/supermercado/cerveza-cruzcampo-especial-lager-pack-12-latas-33-cl/R-prod780197/p,Cerveza Cruzcampo especial lager pack 12 latas 33 cl.,"9,69 €",,"2,45 €/l",,Bebidas,Cerveza,Rubia,https://static.carrefour.es/hd_510x_/img_pim_food/874165_00_1.jpg
https://www.carrefour.es/supermercado/cepillo-dental-con-bateria-total-clean-carrefour-soft-1-ud/R-VC4AECOMM-482020/p,Cepillo dental con batería Total Clean Carrefour Soft 1 ud.,"9,29 €",,"9,29 €/ud",,Perfumería e Higiene,Boca y Sonrisa,"Cepillos, Recambios y Accesorios",https://static.carrefour.es/hd_510x_/img_pim_food/482020_00_1.jpg
https://www.carrefour.es/supermercado/aceitunas-gordal-sin-hueso-de-nuestra-tierra-180-g/R-VC4AECOMM-722332/p,Aceitunas gordal sin hueso De Nuestra Tierra 180 g.,"2,79 €",,"15,50 €/kg",,La Despensa,Aperitivos,Aceitunas y Encurtidos,https://static.carrefour.es/hd_510x_/img_pim_food/722332_00_1.jpg
https://www.carrefour.es/supermercado/chocolate-negro-98-ecologico-ethiquable-100-g/R-823818706/p,Chocolate negro 98% ecológico Ethiquable 100 g.,"3,25 €",,"32,50 €/kg",,La Despensa,Dulce,Bombones y Chocolates,https://static.carrefour.es/hd_510x_/img_pim_food/956292_00_1.jpg
https://www.carrefour.es/supermercado/jamon-cocido-en-lonchas-simply-sin-gluten-sin-lactosa-250-g/R-VC4AECOMM-709240/p,Jamón cocido en lonchas Simply sin gluten sin lactosa 250 g.,"2,15 €",,"8,60 €/kg",,Productos Frescos,Charcutería,Jamón Cocido y Lacón,https://static.carrefour.es/hd_510x_/img_pim_food/709240_00_1.jpg
https://www.carrefour.es/supermercado/sirope-de-agave-ecologico-carrefour-bio-250-ml/R-prod271162/p,Sirope de agave ecológico Carrefour Bio 250 ml.,"3,05 €",,"12,20 €/l",,La Despensa,Dulce,"Siropes, Aromas y Decoración",https://static.carrefour.es/hd_510x_/img_pim_food/302650_00_1.jpg
https://www.carrefour.es/supermercado/dentifrico-advanced-encias-sanas-y-sensibilidad-colgate-total-75ml/R-prod1022619/p,Dentífrico advanced encías sanas y sensibilidad Colgate Total 75ml,"3,85 €",,"5,13 €/100ml",,Perfumería e Higiene,Boca y Sonrisa,Dentífricos,https://static.carrefour.es/hd_510x_/img_pim_food/098484_00_1.jpg
https://www.carrefour.es/supermercado/dentifrico-blanqueamiento-extra-advanced-science-pro-expert-oral-b-75-ml/R-VC4AECOMM-181766/p,Dentífrico blanqueamiento extra Advanced Science Pro-Expert Oral-B 75 ml.,"4,35 €",,"5,80 €/100ml",,Perfumería e Higiene,Boca y Sonrisa,Dentífricos,https://static.carrefour.es/hd_510x_/img_pim_food/181766_00_1.jpg
https://www.carrefour.es/supermercado/barritas-de-pan-crujientes-de-pipas-velarte-80-g/R-638701989/p,Barritas de pan crujientes de Pipas Velarte 80 g.,"1,09 €",,"13,62 €/kg",,La Despensa,"Panaderia, Bollería y Pastelería","Colines, picos y crakers",https://static.carrefour.es/hd_510x_/img_pim_food/364684_00_1.jpg
https://www.carrefour.es/supermercado/biscottes-integrales-ecologicos-carrefour-bio-300-g/R-624066602/p,Biscottes integrales ecológicos Carrefour Bio 300 g.,"3,39 €",,"11,30 €/kg",,La Despensa,"Panaderia, Bollería y Pastelería","Pan tostado, Biscottes y Barritas",https://static.carrefour.es/hd_510x_/img_pim_food/728586_00_1.jpg
https://www.carrefour.es/supermercado/gel-energetico-con-ciclodextrina-sabor-a-cereza-226-ers-76-g/R-VC4AECOMM-066517/p,Gel energético con ciclodextrina sabor a cereza 226 ERS 76 g.,"2,69 €",,"35,39 €/l",,La Despensa,Alimentación,Nutrición deportiva,https://static.carrefour.es/hd_510x_/img_pim_food/066517_00_1.jpg
https://www.carrefour.es/supermercado/empanada-gourmet-de-atun-carrefour-1-kg/R-prod75433/p,Empanada gourmet de atún Carrefour 1 kg,"9,99 €",,"9,99 €/kg",,Productos Frescos,Panadería Tradicional,Empanadas y hojaldres,https://static.carrefour.es/hd_510x_/img_pim_food/288507_00_1.jpg
https://www.carrefour.es/supermercado/picos-y-reganas-de-nuestra-tierra-180-g/R-792931795/p,Picos y regañas De Nuestra Tierra 180 g.,"1,39 €",,"7,72 €/kg",,La Despensa,"Panaderia, Bollería y Pastelería","Colines, picos y crakers",https://static.carrefour.es/hd_510x_/img_pim_food/890960_00_1.jpg
https://www.carrefour.es/supermercado/leche-infantil-para-lactantes-en-polvo-blemil-optimum-evolution-1-lata-800-g/R-VC4AECOMM-262304/p,Leche infantil para lactantes en polvo Blemil Optimum Evolution 1 lata 800 g.,"32,30 €",,"40,37 €/kg",,Parafarmacia,Bebé,Leche infantil,https://static.carrefour.es/hd_510x_/img_pim_food/262304_00_1.jpg
https://www.carrefour.es/supermercado/agua-de-colonia-soul-of-cities-men-06-barcelona-les-cosmetiques-100-ml/R-VC4AECOMM-305940/p,Agua de colonia Soul Of Cities Men 06. Barcelona Les Cosmétiques 100 ml.,"8,39 €",,"8,39 €/100ml",,Perfumería e Higiene,Baño e Higiene Corporal,Colonias,https://static.carrefour.es/hd_510x_/img_pim_food/305940_00_1.jpg
https://www.carrefour.es/supermercado/vitamina-c-triple-accion-defensas-naranja-en-comprimidos-leotron-sin-gluten-sin-lactosa-36-ud/R-VC4AECOMM-674219/p,Vitamina C triple acción defensas naranja en comprimidos Leotron sin gluten sin lactosa 36 ud.,"15,89 €",,"7,94 €/100g",,Parafarmacia,Nutrición y Dietética,Complementos Vitamínicos,https://static.carrefour.es/hd_510x_/img_pim_food/674219_00_1.jpg
https://www.carrefour.es/supermercado/queso-de-cabra-semicurado-carrefour-classic-cuna-de-300-g/R-VC4AECOMM-322431/p,Queso de cabra semicurado Carrefour Classic cuña de 300 g,"5,19 €",,"17,30 €/kg",,Productos Frescos,Quesos,Todos los Quesos,https://static.carrefour.es/hd_510x_/img_pim_food/322431_00_1.jpg
https://www.carrefour.es/supermercado/tortas-de-aceite-con-limon-ines-rosales-180-g/R-VC4AECOMM-450232/p,Tortas de aceite con limón Inés Rosales 180 g,"3,15 €",,"17,50 €/kg",,La Despensa,"Panaderia, Bollería y Pastelería",Bollería,https://static.carrefour.es/hd_510x_/img_pim_food/450232_00_1.jpg
https://www.carrefour.es/supermercado/molinillo-de-pimienta-blanca-en-grano-carrefour-classic-45-g/R-prod710292/p,Molinillo de pimienta blanca en grano Carrefour Classic 45 g.,"1,93 €",,"42,89 €/kg",,La Despensa,Alimentación,Especias y Sazonadores,https://static.carrefour.es/hd_510x_/img_pim_food/851272_00_1.jpg
https://www.carrefour.es/supermercado/jamon-serrano-gran-reserva-nico-pieza-de-75-kg-aprox/R-VC4AECOMM-102495/p,"Jamón serrano Gran Reserva Nico pieza de 7,5 kg aprox","83,00 €",,"11,07 €/kg",,Productos Frescos,Charcutería,Jamón serrano e ibérico Pieza,https://static.carrefour.es/hd_510x_/img_pim_food/102495_00_1.jpg
https://www.carrefour.es/supermercado/picatostes-fritos-sabor-clasico-carrefour-75-g/R-780048332/p,Picatostes fritos sabor clásico Carrefour 75 g.,"0,64 €",,"8,53 €/kg",,La Despensa,"Panaderia, Bollería y Pastelería","Pan tostado, Biscottes y Barritas",https://static.carrefour.es/hd_510x_/img_pim_food/752085_00_1.jpg
https://www.carrefour.es/supermercado/salsa-barbacoa-hellmanns-envase-285-g/R-651601821/p,Salsa barbacoa Hellmann's envase 285 g.,"2,29 €",,"8,04 €/kg",,La Despensa,Alimentación,Salsas y Tomate Frito,https://static.carrefour.es/hd_510x_/img_pim_food/118221_00_1.jpg
https://www.carrefour.es/supermercado/aceite-de-oliva-virgen-extra-oda-a-nuestra-tierra-n-5-maestros-de-hojiblanca-500-ml/R-521013943/p,Aceite de oliva virgen extra Oda a Nuestra Tierra nº 5 Maestros de Hojiblanca 500 ml.,"7,95 €",,"15,90 €/l",,La Despensa,Alimentación,Aceites y vinagres,https://static.carrefour.es/hd_510x_/img_pim_food/504140_00_1.jpg
https://www.carrefour.es/supermercado/mostaza-original-prima-sin-gluten-envase-265-g/R-739601727/p,Mostaza original Prima sin gluten envase 265 g.,"2,15 €",,"8,11 €/kg",,La Despensa,Alimentación,Salsas y Tomate Frito,https://static.carrefour.es/hd_510x_/img_pim_food/711556_00_1.jpg
https://www.carrefour.es/supermercado/preparado-lacteo-infantil-de-crecimiento-desde-1-ano-en-polvo-nestle-nativa-3-lata-800-g/R-635101925/p,Preparado lácteo infantil de crecimiento desde 1 año en polvo Nestlé Nativa 3 lata 800 g.,"12,89 €",,"16,11 €/kg",,Bebé,Alimentación infantil,Leches Infantiles,https://static.carrefour.es/hd_510x_/img_pim_food/809263_00_1.jpg
https://www.carrefour.es/supermercado/cerveza-daura-sin-gluten-lata-33-cl/R-816214798/p,Cerveza Daura sin gluten lata 33 cl.,"1,07 €",,"3,24 €/l",,Bebidas,Cerveza,Todas las Cervezas,https://static.carrefour.es/hd_510x_/img_pim_food/945572_00_1.jpg
https://www.carrefour.es/supermercado/agua-de-colonia-impacto-200-ml/R-prod840554/p,Agua de colonia Impacto 200 ml.,"6,29 €",,"3,14 €/100ml",,Perfumería e Higiene,Baño e Higiene Corporal,Colonias,https://static.carrefour.es/hd_510x_/img_pim_food/354068_00_1.jpg
https://www.carrefour.es/supermercado/vino-generoso-offley-tawny-do-porto-75-cl/R-VC4AECOMM-402960/p,Vino generoso Offley Tawny D.O. Porto 75 cl.,"11,19 €",,"11,19 €/ud",,,,,https://static.carrefour.es/hd_510x_/img_pim_food/402960_00_1.jpg
https://www.carrefour.es/supermercado/leche-infantil-para-lactantes-en-polvo-nestle-nan-supreme-pro-1-lata-800-g/R-prod310544/p,Leche infantil para lactantes en polvo Nestlé Nan Supreme Pro 1 lata 800 g.,"27,70 €",,"34,62 €/kg",,Parafarmacia,Bebé,Leche infantil,https://static.carrefour.es/hd_510x_/img_pim_food/389794_00_1.jpg
https://www.carrefour.es/supermercado/agua-de-colonia-n-28-floral-verde-para-mujer-caravan-150-ml/R-808554977/p,Agua de colonia nº 28 Floral verde para mujer Caravan 150 ml.,"10,89 €",,"7,26 €/100ml",,Perfumería e Higiene,Baño e Higiene Corporal,Colonias,https://static.carrefour.es/hd_510x_/img_pim_food/887534_00_1.jpg
https://www.carrefour.es/supermercado/cera-institut-con-cera-de-abejas-carrefour-soft-400-ml/R-VC4AECOMM-696463/p,Cera Institut con cera de abejas Carrefour Soft 400 ml.,"6,25 €",,"1,56 €/100ml",,Perfumería e Higiene,Depilación y Afeitado,Depilación,https://static.carrefour.es/hd_510x_/img_pim_food/696463_00_1.jpg
https://www.carrefour.es/supermercado/nachos-sabor-queso-ecologicos-ecocesta-125-g/R-590205841/p,Nachos sabor queso ecológicos Ecocesta 125 g.,"2,99 €",,"23,92 €/kg",,La Despensa,Aperitivos,Snacks,https://static.carrefour.es/hd_510x_/img_pim_food/184347_00_1.jpg
https://www.carrefour.es/supermercado/aceituna-gazpacha-aperitivo-450-g/R-prod280405/p,Aceituna Gazpacha Aperitivo 450 g,"3,36 €",,"6,72 €/kg",,La Despensa,Aperitivos,Aceitunas y Encurtidos,https://static.carrefour.es/hd_510x_/img_pim_food/340340_00_1.jpg
https://www.carrefour.es/supermercado/carne-de-mejillon-cocida-275-g/R-VC4AECOMM-132373/p,Carne de Mejillón Cocida 275 g,"2,49 €",,"9,05 €/kg",,Congelados,Mariscos Congelados,,https://static.carrefour.es/hd_510x_/img_pim_food/132373_00_1.jpg
https://www.carrefour.es/supermercado/yerba-mate-canarias-1-kg/R-595501563/p,Yerba mate Canarias 1 kg.,"10,75 €",,"10,75 €/kg",,La Despensa,Desayuno,Infusiones y Tés,https://static.carrefour.es/hd_510x_/img_pim_food/083140_00_1.jpg
https://www.carrefour.es/supermercado/champu-suave-para-bebe-con-leche-de-almendras-dulces-sin-lagrimas-nenuco-500-ml/R-VC4AECOMM-225786/p,Champú suave para bebé con leche de almendras dulces sin lágrimas Nenuco 500 ml.,"4,65 €",,"0,93 €/100ml",,Bebé,Perfumería e Higiene,Champú,https://static.carrefour.es/hd_510x_/img_pim_food/225786_00_1.jpg
https://www.carrefour.es/supermercado/compresas-ultra-sin-alas-normal-carrefour-16-ud/R-521000483/p,Compresas ultra sin alas normal Carrefour 16 ud.,"1,10 €",,"0,07 €/ud",,Perfumería e Higiene,Higiene íntima,Compresas,https://static.carrefour.es/hd_510x_/img_pim_food/452996_00_1.jpg
https://www.carrefour.es/supermercado/cafe-latte-macchiato-en-capsulas-nescafe-dolce-gusto-pack-de-8-ud/R-521029049/p,Café latte macchiato en cápsulas Nescafé Dolce Gusto pack de 8 ud.,"4,89 €",,"33,72 €/kg",,,,,https://static.carrefour.es/hd_510x_/img_pim_food/745656_00_1.jpg
https://www.carrefour.es/supermercado/boniato-carrefour-1-kg-aprox/R-VC4AECOMM-645288/p,Boniato Carrefour 1 kg aprox,"2,19 €","1,99 €","2,19 €/kg","1,99 €/kg",Productos Frescos,Verduras y hortalizas,"Patatas, Cebollas y Ajos",https://static.carrefour.es/hd_510x_/img_pim_food/645288_00_1.jpg
https://www.carrefour.es/supermercado/helado-de-caramelo-carrefour-sensation-350-g/R-VC4AECOMM-332953/p,Helado de caramelo Carrefour Sensation 350 g.,"3,05 €",,"8,71 €/kg",,Congelados,Helados,Tarrinas,https://static.carrefour.es/hd_510x_/img_pim_food/332953_00_1.jpg
https://www.carrefour.es/supermercado/mantequilla-ligera-central-lechera-asturiana-250-g/R-521030162/p,Mantequilla ligera Central Lechera Asturiana 250 g.,"3,95 €",,"15,80 €/kg",,La Despensa,Lácteos,Mantequillas y Margarinas,https://static.carrefour.es/hd_510x_/img_pim_food/504287_00_1.jpg
https://www.carrefour.es/supermercado/champu-te-verde-5-plantas-para-pelo-normal-original-remedies-garnier-300-ml/R-VC4AECOMM-229624/p,Champú té verde & 5 plantas para pelo normal Original Remedies Garnier 300 ml.,"3,99 €",,"1,33 €/100ml",,Perfumería e Higiene,Cabello,Champús,https://static.carrefour.es/hd_510x_/img_pim_food/229624_00_1.jpg
https://www.carrefour.es/supermercado/desatascador-de-tuberias-atascos-dificiles-turbo-5-min-wc-net-1-l/R-VC4AECOMM-477722/p,Desatascador de tuberías atascos difíciles turbo 5 min Wc Net 1 l.,"10,35 €",,"10,35 €/l",,Limpieza y Hogar,Productos para Baño,Desatascadores y limpia tuberías,https://static.carrefour.es/hd_510x_/img_pim_food/477722_00_1.jpg
https://www.carrefour.es/supermercado/pizza-carbonara-ristorante-dr-oetker-340-g/R-795705194/p,Pizza carbonara Ristorante Dr. Oetker 340 g.,"3,89 €",,"11,44 €/kg",,Congelados,Pizzas Congeladas,,https://static.carrefour.es/hd_510x_/img_pim_food/896594_00_1.jpg
https://www.carrefour.es/supermercado/baguette-precocida-carrefour-classic-pack-de-2-unidades-de-150-g/R-551901772/p,Baguette precocida Carrefour Classic' pack de 2 unidades de 150 g.,"0,92 €",,"3,07 €/kg",,La Despensa,"Panaderia, Bollería y Pastelería",Especialidades de pan,https://static.carrefour.es/hd_510x_/img_pim_food/254176_00_1.jpg
https://www.carrefour.es/supermercado/morcilla-de-burgos-de-nuestra-tierra-350-g-aprox/R-VC4AECOMM-454965/p,Morcilla de Burgos De Nuestra Tierra 350 g aprox,"2,43 €",,"6,95 €/kg",,Productos Frescos,Carnicería,Embutidos Frescos,https://static.carrefour.es/hd_510x_/img_pim_food/454965_00_1.jpg
https://www.carrefour.es/supermercado/tonico-capilar-hierbas-ronquina-kesmar-1-l/R-VC4AECOMM-499527/p,Tónico capilar hierbas Ronquina Kesmar 1 l.,"10,19 €",,"1,02 €/100ml",,Parafarmacia,Cabello,Otros Champús de Tratamiento,https://static.carrefour.es/hd_510x_/img_pim_food/499527_00_1.jpg
https://www.carrefour.es/supermercado/crema-facial-bb-cream-anti-manchas-spf-50-cuidado-perfeccionador-todo-en-uno-tono-medio-skin-active-garnier-50-ml/R-VC4AECOMM-586553/p,Crema facial BB Cream anti-manchas SPF 50 cuidado perfeccionador todo en uno tono medio Skin Active Garnier 50 ml.,"9,99 €",,"19,98 €/100ml",,Perfumería e Higiene,Cuidado y Protección Corporal,Piel,https://static.carrefour.es/hd_510x_/img_pim_food/586553_00_1.jpg
https://www.carrefour.es/supermercado/bayeta-absorbente-carrefour-azul/R-609801016/p,Bayeta Absorbente Carrefour - Azul,"2,75 €",,"2,75 €/ud",,Limpieza y Hogar,Utensilios de Limpieza,Bayetas Microfibra Atrapapolvo,https://static.carrefour.es/hd_510x_/img_pim_food/258284_00_1.jpg
https://www.carrefour.es/supermercado/refresco-de-cola-ecologico-whole-earth-lata-33-cl/R-786123698/p,Refresco de cola ecológico Whole Earth lata 33 cl.,"1,62 €",,"4,91 €/l",,Bebidas,Refrescos,Sabores con Gas,https://static.carrefour.es/hd_510x_/img_pim_food/877898_00_1.jpg
https://www.carrefour.es/supermercado/bebida-de-soja-sin-azucar-anadido-ecologica-carrefour-bio-sin-gluten-brik-1-l/R-VC4AECOMM-580537/p,Bebida de soja sin azúcar añadido ecológica Carrefour Bio sin gluten Brik 1 l.,"1,21 €",,"1,21 €/l",,La Despensa,Lácteos,Bebida Vegetal,https://static.carrefour.es/hd_510x_/img_pim_food/580537_00_1.jpg
https://www.carrefour.es/supermercado/aros-de-cebolla-pickers-by-mccain-350-g/R-VC4AECOMM-065121/p,Aros de cebolla Pickers by McCain 350 g.,"3,69 €",,"10,54 €/kg",,Congelados,Rebozados y Platos Preparados,,https://static.carrefour.es/hd_510x_/img_pim_food/065121_00_1.jpg
https://www.carrefour.es/supermercado/arroz-negro-con-calamares-carretilla-sin-gluten-sin-aceite-de-palma-300-g/R-801637294/p,Arroz negro con calamares Carretilla sin gluten sin aceite de palma 300 g.,"3,89 €",,"12,97 €/kg",,La Despensa,"Conservas, Sopas y Precocinados",Platos Preparados,https://static.carrefour.es/hd_510x_/img_pim_food/903645_00_1.jpg
https://www.carrefour.es/supermercado/queso-de-oveja-curado-classic-carrefour-cuna-250-g/R-VC4AECOMM-104885/p,Queso de oveja curado Classic´ Carrefour cuña 250 g.,"3,99 €",,"15,96 €/kg",,Productos Frescos,Quesos,Curado,https://static.carrefour.es/hd_510x_/img_pim_food/104885_00_1.jpg
https://www.carrefour.es/supermercado/limpiador-antical-en-gel-stop-calc-carrefour-500-ml/R-521001238/p,Limpiador antical en gel ' Stop Calc' Carrefour 500 ml.,"1,07 €",,"2,14 €/l",,Limpieza y Hogar,Productos para Baño,Limpiadores Antical Baño,https://static.carrefour.es/hd_510x_/img_pim_food/560012_00_1.jpg
https://www.carrefour.es/supermercado/dentifrico-para-dientes-sensibles-blanqueante-sensodyne-pack-de-2-unidades-de-75-ml/R-prod67093/p,Dentífrico para dientes sensibles blanqueante Sensodyne pack de 2 unidades de 75 ml.,"6,65 €",,"4,43 €/100ml",,Perfumería e Higiene,Boca y Sonrisa,Dentífricos,https://static.carrefour.es/hd_510x_/img_pim_food/777319_00_1.jpg
https://www.carrefour.es/supermercado/vino-do-rioja-tinto-gran-reserva-coto-de-imaz-75-cl/R-520662520/p,Coto De Imaz Tinto Gran Reserva 2017,"19,15 €",,"19,15 €/ud",,Bebidas,Vinos,Tinto,https://static.carrefour.es/hd_510x_/img_pim_food/238226_00_1.jpg
https://www.carrefour.es/supermercado/masa-para-empanadillas-la-napolitana-360-g/R-590505286/p,Masa para empanadillas La Napolitana 360 g.,"2,15 €",,"5,97 €/kg",,La Despensa,"Conservas, Sopas y Precocinados",Platos Preparados,https://static.carrefour.es/hd_510x_/img_pim_food/287839_00_1.jpg
https://www.carrefour.es/supermercado/caldo-de-pollo-desgrasado-carrefour-12-pastillas-de-10-g/R-VC4AECOMM-437655/p,Caldo de pollo desgrasado Carrefour 12 pastillas de 10 g.,"0,99 €",,"8,25 €/kg",,La Despensa,"Conservas, Sopas y Precocinados","Caldos, Sopas y Pure",https://static.carrefour.es/hd_510x_/img_pim_food/437655_00_1.jpg
https://www.carrefour.es/supermercado/brazo-de-chocolate-550-g/R-VC4AECOMM-001529/p,Brazo de chocolate 550 g,"9,95 €",,"18,09 €/kg",,Productos Frescos,Panadería Tradicional,Pastelería y Repostería,https://static.carrefour.es/hd_510x_/img_pim_food/001529_00_1.jpg
https://www.carrefour.es/supermercado/vino-blanco-albarino-albala-do-rias-baixas-75-cl/R-fprod1360365/p,Al Alba Blanco 2023,"13,29 €",,"13,29 €/ud",,Bebidas,Vinos,Blanco,https://static.carrefour.es/hd_510x_/img_pim_food/342603_00_1.jpg
https://www.carrefour.es/supermercado/sidra-ecologica-maeloc-achampanada-extra-botella-75-cl/R-751102609/p,Sidra ecológica Maeloc achampanada extra botella 75 cl.,"2,99 €",,"3,99 €/l",,Bebidas,Sidra,Cider,https://static.carrefour.es/hd_510x_/img_pim_food/759970_00_1.jpg
https://www.carrefour.es/supermercado/detergente-en-capsulas-todo-en-uno-pods-accion-antiolor-ariel-40-lavados/R-VC4AECOMM-127659/p,Detergente en cápsulas Todo En Uno Pods + acción antiolor Ariel 40 lavados.,"20,40 €",,"0,51 €/lavado",,Limpieza y Hogar,Cuidado de la Ropa,Detergentes,https://static.carrefour.es/hd_510x_/img_pim_food/127659_00_1.jpg
https://www.carrefour.es/supermercado/garbanzo-la-muralla-1-kg/R-VC4AECOMM-180029/p,Garbanzo La Muralla 1 kg.,"2,03 €",,"2,03 €/kg",,La Despensa,Alimentación,Legumbres,https://static.carrefour.es/hd_510x_/img_pim_food/180029_00_1.jpg
https://www.carrefour.es/supermercado/ambientador-automatico-freshmatic-fragancia-flores-de-cerezo-de-asia-recambio-air-wick-1-ud/R-870100542/p,Ambientador automático Freshmatic fragancia flores de cerezo de Asia recambio Air Wick 1 ud.,"6,55 €",,"6,55 €/ud",,Limpieza y Hogar,Ambientadores,Automáticos,https://static.carrefour.es/hd_510x_/img_pim_food/176607_00_1.jpg
https://www.carrefour.es/supermercado/mortadela-vaca-campera-en-lata-halal-sin-gluten-y-sin-lactosa-850-g/R-VC4AECOMM-709373/p,Mortadela Vaca Campera en lata Halal sin gluten y sin lactosa 850 g,"4,45 €",,"5,24 €/kg",,Productos Frescos,Charcutería,Mortadela y Chopped,https://static.carrefour.es/hd_510x_/img_pim_food/709373_00_1.jpg
https://www.carrefour.es/supermercado/cortezas-de-cerdo-fritas-classic-carrefour-sin-gluten-75-g/R-VC4AECOMM-731168/p,Cortezas de cerdo fritas Classic Carrefour sin gluten 75 g.,"0,99 €",,"13,20 €/kg",,La Despensa,Aperitivos,Torreznos y Cortezas,https://static.carrefour.es/hd_510x_/img_pim_food/731168_00_1.jpg
https://www.carrefour.es/supermercado/abrillantador-duo-power-experts-somat-500-ml/R-prod440196/p,Abrillantador Duo Power Experts Somat 500 ml.,"4,09 €",,"8,18 €/l",,Limpieza y Hogar,Productos para Cocina,Aditivos y limpiamáquinas,https://static.carrefour.es/hd_510x_/img_pim_food/824597_00_1.jpg
https://www.carrefour.es/supermercado/super-gel-top-coat-001-rimmel-london-1-ud/R-831313981/p,Super Gel Top Coat 001 Rimmel London 1 ud.,"6,95 €",,"6,95 €/ud",,Perfumería e Higiene,Cosmética,Uñas,https://static.carrefour.es/hd_510x_/img_pim_food/965661_00_1.jpg
https://www.carrefour.es/supermercado/enrelax-forte-aquilea-30-comprimidos/R-819114994/p,Enrelax Forte Aquilea 30 comprimidos.,"13,29 €",,"44,30 €/100g",,Parafarmacia,Nutrición y Dietética,Tratamientos Naturales,https://static.carrefour.es/hd_510x_/img_pim_food/952244_00_1.jpg
https://www.carrefour.es/supermercado/repelente-de-insectos-family-sonata-100-ml/R-VC4AECOMM-310272/p,Repelente de insectos family Sonata 100 ml.,"3,39 €",,"3,39 €/100ml",,Parafarmacia,Botiquín,Antimosquitos,https://static.carrefour.es/hd_510x_/img_pim_food/310272_00_1.jpg
https://www.carrefour.es/supermercado/pilas-alcalinas-d-duracell-plus-paquete-de-2/R-717313946/p,"Pilas Alcalinas D Duracell Plus, paquete de 2","5,79 €",,"2,89 €/ud",,Limpieza y Hogar,Bazar,Pilas,https://static.carrefour.es/hd_510x_/img_pim_food/440464_00_1.jpg
https://www.carrefour.es/supermercado/milhojas-de-hojaldre-290-g/R-624066580/p,Milhojas de hojaldre 290 g,"3,50 €",,"12,07 €/kg",,Productos Frescos,Panadería Tradicional,Pastelería y Repostería,https://static.carrefour.es/hd_510x_/img_pim_food/560193_00_1.jpg
https://www.carrefour.es/supermercado/set-de-mopa-con-palo-carrefour/R-521007677/p,Set de Mopa con Palo Carrefour,"11,15 €",,"11,15 €/ud",,Limpieza y Hogar,Utensilios de Limpieza,"Escobas, Mopas y Recogedores",https://static.carrefour.es/hd_510x_/img_pim_food/476033_00_1.jpg
https://www.carrefour.es/supermercado/torta-de-anis-600-g/R-644601767/p,Torta de anís 600 g,"3,50 €",,"5,83 €/kg",,Productos Frescos,Panadería Tradicional,Bollería Tradicional,https://static.carrefour.es/hd_510x_/img_pim_food/815267_00_1.jpg
https://www.carrefour.es/supermercado/leche-infantil-de-continuacion-desde-6-meses-en-polvo-classic-2-hero-nutrasense-1-lata-800-g/R-VC4AECOMM-332855/p,Leche infantil de continuación desde 6 meses en polvo classic 2 Hero Nutrasense 1 lata 800 g.,"13,09 €",,"16,36 €/kg",,Bebé,Alimentación infantil,Leches Infantiles,https://static.carrefour.es/hd_510x_/img_pim_food/332855_00_1.jpg
https://www.carrefour.es/supermercado/lavavajillas-a-mano-concentrado-fairy-maxpower-pack-2-unidades-370-ml/R-VC4AECOMM-504045/p,Lavavajillas a mano concentrado Fairy MaxPower pack 2 unidades 370 ml.,"3,95 €",,"5,34 €/l",,Limpieza y Hogar,Productos para Cocina,Lavavajillas a Mano,https://static.carrefour.es/hd_510x_/img_pim_food/504045_00_1.jpg
https://www.carrefour.es/supermercado/cepillo-de-dientes-suave-infantil-para-ninos-6-12-anos-junior-elmex-1-ud/R-VC4AECOMM-638583/p,Cepillo de dientes suave infantil para niños 6-12 años Junior Elmex 1 ud.,"5,19 €",,"5,19 €/ud",,Parafarmacia,Higiene Bucal,Cepillos y Seda,https://static.carrefour.es/hd_510x_/img_pim_food/638583_00_1.jpg
https://www.carrefour.es/supermercado/cereales-con-frutas-desecadas-muesli-carrefour-750-g/R-521003315/p,Cereales con frutas desecadas Muesli Carrefour 750 g.,"3,59 €",,"4,79 €/kg",,La Despensa,Desayuno,Cereales,https://static.carrefour.es/hd_510x_/img_pim_food/627173_00_1.jpg
https://www.carrefour.es/supermercado/balsamo-labial-fp15-hydro-care-liposan-48-g/R-prod920396/p,"Bálsamo labial FP15 Hydro Care Liposan 4,8 g.","1,80 €",,"1,80 €/ud",,Perfumería e Higiene,Boca y Sonrisa,Protector labial,https://static.carrefour.es/hd_510x_/img_pim_food/042767_00_1.jpg
https://www.carrefour.es/supermercado/lazos-cebra-6-ud/R-prod273251/p,Lazos cebra 6 ud,"3,69 €",,"15,37 €/kg",,Productos Frescos,Panadería Tradicional,Bollería Tradicional,https://static.carrefour.es/hd_510x_/img_pim_food/401446_00_1.jpg
https://www.carrefour.es/supermercado/fiambre-de-pechuga-de-pavo-braseada-en-lonchas-campofrio-sin-gluten-y-sin-lactosa-75-g/R-VC4AECOMM-695953/p,Fiambre de pechuga de pavo braseada en lonchas Campofrío sin gluten y sin lactosa 75 g.,"0,99 €",,"14,14 €/kg",,Productos Frescos,Charcutería,Fiambre de Pavo y Pollo,https://static.carrefour.es/hd_510x_/img_pim_food/695953_00_1.jpg
https://www.carrefour.es/supermercado/pienso-de-buey-para-perro-adulto-medium-maxi-ultima-dog-3-kg/R-prod221219/p,Pienso de buey para perro adulto medium maxi Ultima Dog 3 Kg.,"13,45 €",,"4,48 €/kg",,Mascotas,Perros,Pienso para perros,https://static.carrefour.es/hd_510x_/img_pim_food/964504_00_1.jpg
https://www.carrefour.es/supermercado/atun-claro-al-natural-calvo-pack-de-6-unidades-de-56-g/R-fprod1370011/p,Atún claro al natural Calvo pack de 6 unidades de 56 g.,"6,89 €",,"20,51 €/kg",,La Despensa,"Conservas, Sopas y Precocinados",Conservas de Pescado y Marisco,https://static.carrefour.es/hd_510x_/img_pim_food/345248_00_1.jpg
https://www.carrefour.es/supermercado/lasana-bolonesa-carretilla-sin-aceite-de-palma-375-g/R-625745501/p,Lasaña boloñesa Carretilla sin aceite de palma 375 g.,"4,09 €",,"10,91 €/kg",,La Despensa,"Conservas, Sopas y Precocinados",Platos Preparados,https://static.carrefour.es/hd_510x_/img_pim_food/802241_00_1.jpg
https://www.carrefour.es/supermercado/locion-corporal-cuidado-envolvente-con-manteca-de-karite-para-piel-seca-dove-400-ml/R-594301551/p,Loción corporal cuidado envolvente con manteca de karité para piel seca Dove 400 ml.,"5,35 €",,"1,34 €/100ml",,Perfumería e Higiene,Cuidado y Protección Corporal,"Body Milk, Hidratación Bajo la Ducha",https://static.carrefour.es/hd_510x_/img_pim_food/347897_00_1.jpg
https://www.carrefour.es/supermercado/bebida-de-soja-sabor-chocolate-plant-protein-alpro-sin-gluten-y-sin-lactosa-750-ml/R-VC4AECOMM-322728/p,Bebida de soja sabor chocolate Plant Protein Alpro sin gluten y sin lactosa 750 ml.,"2,39 €",,"3,19 €/l",,La Despensa,Lácteos,Bebida Vegetal,https://static.carrefour.es/hd_510x_/img_pim_food/322728_00_1.jpg
https://www.carrefour.es/supermercado/ambientador-electrico-relaxing-zen-recambio-glade-1-ud/R-fprod1280500/p,Ambientador eléctrico Relaxing Zen recambio Glade 1 ud.,"5,49 €",,"274,50 €/l",,Limpieza y Hogar,Ambientadores,Eléctricos,https://static.carrefour.es/hd_510x_/img_pim_food/330856_00_1.jpg
https://www.carrefour.es/supermercado/crema-de-calabacin-espinacas-y-guisantes-knorr-ligeresa-500-ml/R-VC4AECOMM-451414/p,"Crema de calabacín, espinacas y guisantes Knorr Ligeresa 500 ml.","2,59 €",,"5,18 €/100ml",,La Despensa,"Conservas, Sopas y Precocinados","Caldos, Sopas y Pure",https://static.carrefour.es/hd_510x_/img_pim_food/451414_00_1.jpg
https://www.carrefour.es/supermercado/tarrito-de-pollo-con-arroz-desde-6-meses-nutriben-potitos-sin-gluten-235-g/R-VC4AECOMM-407243/p,Tarrito de pollo con arroz desde 6 meses Nutribén Potitos sin gluten 235 g.,"1,69 €",,"7,19 €/kg",,Bebé,Alimentación infantil,Tarritos y Platos Preparados,https://static.carrefour.es/hd_510x_/img_pim_food/407243_00_1.jpg
https://www.carrefour.es/supermercado/buey-de-mar-cocido-congelado-extra-carrefour-400-g/R-VC4AECOMM-424287/p,Buey de mar cocido congelado Extra Carrefour 400 g.,"7,35 €",,"18,37 €/kg",,Congelados,Mariscos Congelados,,https://static.carrefour.es/hd_510x_/img_pim_food/424287_00_1.jpg
https://www.carrefour.es/supermercado/leche-semidesnatada-pascual-botella-15-l/R-VC4AECOMM-481195/p,"Leche semidesnatada Pascual botella 1,5 l.","1,88 €",,"1,25 €/l",,La Despensa,Lácteos,Leche,https://static.carrefour.es/hd_510x_/img_pim_food/481195_00_1.jpg
https://www.carrefour.es/supermercado/yogur-natural-de-leche-de-oveja-pasteurizada-ecologica-carrefour-bio-420-g/R-VC4AECOMM-437920/p,Yogur natural de leche de oveja pasteurizada ecológica Carrefour Bio 420 g.,"3,25 €",,"7,74 €/kg",,La Despensa,Yogures y Postres,Yogur Natural y Sabores,https://static.carrefour.es/hd_510x_/img_pim_food/437920_00_1.jpg
https://www.carrefour.es/supermercado/wraps-tortillas-de-trigo-carrefour-sensation-sin-aceite-de-palma-6-ud/R-VC4AECOMM-696610/p,Wraps tortillas de trigo Carrefour Sensation sin aceite de palma 6 ud.,"1,24 €",,"3,35 €/kg",,La Despensa,"Conservas, Sopas y Precocinados",Masa Fresca y Bases,https://static.carrefour.es/hd_510x_/img_pim_food/696610_00_1.jpg
https://www.carrefour.es/supermercado/tomates-secos-con-aceite-de-oliva-y-girasol-carrefour-120-g/R-prod810814/p,Tomates secos con aceite de oliva y girasol Carrefour 120 g.,"2,25 €",,"18,75 €/kg",,La Despensa,"Conservas, Sopas y Precocinados",Conservas de Tomate,https://static.carrefour.es/hd_510x_/img_pim_food/234072_00_1.jpg
https://www.carrefour.es/supermercado/bebida-de-fruta-naranja-y-mango-granini-seleccion-mix-botella-1-l/R-520660931/p,Bebida de fruta naranja y mango Granini Selección Mix botella 1 l.,"3,09 €",,"3,09 €/l",,Bebidas,Aguas y Zumos,Zumos no Refrigerados,https://static.carrefour.es/hd_510x_/img_pim_food/578431_00_1.jpg
https://www.carrefour.es/supermercado/pechuga-de-pavo-cocida-en-lonchas-finas-campofrio-finissimas-sin-gluten-y-sin-lactosa-170-g/R-VC4AECOMM-695362/p,Pechuga de Pavo cocida en lonchas finas Campofrío Finissimas sin gluten y sin lactosa 170 g,"2,89 €",,"17,00 €/kg",,Productos Frescos,Charcutería,Fiambre de Pavo y Pollo,https://static.carrefour.es/hd_510x_/img_pim_food/695362_00_1.jpg
https://www.carrefour.es/supermercado/kebab-fusion-fripozo-320-g/R-VC4AECOMM-362423/p,Kebab fusión Fripozo 320 g.,"3,45 €",,"10,78 €/kg",,Congelados,Rebozados y Platos Preparados,,https://static.carrefour.es/hd_510x_/img_pim_food/362423_00_1.jpg
https://www.carrefour.es/supermercado/copa-de-chocolate-con-nata-carrefour-pack-de-4-unidades-de-115-g/R-551802081/p,Copa de chocolate con nata Carrefour pack de 4 unidades de 115 g.,"1,30 €",,"2,83 €/kg",,La Despensa,Yogures y Postres,Otros Postres,https://static.carrefour.es/hd_510x_/img_pim_food/249960_00_1.jpg
https://www.carrefour.es/supermercado/pants-optima-adsorption-my-carrefour-baby-t6-16-kg-36-ud/R-VC4AECOMM-523681/p,Pants optima adsorption My Carrefour Baby T6 (+16 kg) 36 ud.,"11,75 €",,"0,33 €/ud",,Bebé,Pañales y Toallitas,Pañales Carrefour Baby,https://static.carrefour.es/hd_510x_/img_pim_food/523681_00_1.jpg
https://www.carrefour.es/supermercado/mini-bombon-helado-de-almendras-negro-blanco-y-chocolate-extra-carrefour-8-ud/R-VC4AECOMM-404030/p,"Mini bombón helado de almendras, negro, blanco y chocolate Extra Carrefour 8 ud.","1,88 €",,"0,23 €/ud",,Congelados,Helados,Bombón Helado,https://static.carrefour.es/hd_510x_/img_pim_food/404030_00_1.jpg
https://www.carrefour.es/supermercado/brazo-oblea-infantil-500-g/R-VC4AECOMM-082244/p,Brazo Oblea Infantil 500 g,"8,90 €",,"17,80 €/kg",,Productos Frescos,Panadería Tradicional,Pastelería y Repostería,https://static.carrefour.es/hd_510x_/img_pim_food/082244_00_1.jpg
https://www.carrefour.es/supermercado/mini-bombon-helado-sabor-pink-lemonade-euphoria-magnum-3-ud/R-VC4AECOMM-328732/p,Mini bombón helado sabor pink lemonade Euphoria Magnum 3 ud.,"5,09 €",,"1,70 €/ud",,Congelados,Helados,Bombón Helado,https://static.carrefour.es/hd_510x_/img_pim_food/328732_00_1.jpg
https://www.carrefour.es/supermercado/queso-de-oveja-en-lonchas-garcia-baquero-125-g/R-prod67100/p,Queso de oveja en lonchas García Baquero 125 g.,"3,72 €",,"29,76 €/kg",,Productos Frescos,Quesos,Semicurado,https://static.carrefour.es/hd_510x_/img_pim_food/414673_00_1.jpg
https://www.carrefour.es/supermercado/champu-reflejos-dorados-para-cabello-rubio-con-extracto-de-flor-de-camomila-timotei-750-ml/R-801332685/p,Champú reflejos dorados para cabello rubio con extracto de flor de camomila Timotei 750 ml.,"5,45 €",,"0,73 €/100ml",,Perfumería e Higiene,Cabello,Champús,https://static.carrefour.es/hd_510x_/img_pim_food/903666_00_1.jpg
https://www.carrefour.es/supermercado/antifaz-contorno-de-ojos-frio-calor-idc-institute-1-ud/R-VC4AECOMM-794413/p,Antifaz contorno de ojos frío calor IDC Institute 1 ud.,"5,59 €",,"5,59 €/ud",,Perfumería e Higiene,Cosmética,Ojos,https://static.carrefour.es/hd_510x_/img_pim_food/794413_00_1.jpg
https://www.carrefour.es/supermercado/set-de-3-bayetas-microfibra-pequenas-rozenbal-32x32-cm-surtido/R-VC4AECOMM-475967/p,Set de 3 Bayetas Microfibra Pequeñas ROZENBAL 32x32 cm - Surtido,"1,99 €",,"0,66 €/ud",,Limpieza y Hogar,Utensilios de Limpieza,Bayetas Microfibra Atrapapolvo,https://static.carrefour.es/hd_510x_/img_pim_food/475967_00_1.jpg
https://www.carrefour.es/supermercado/leche-semidesnatada-carrefour-brik-1-l/R-521007071/p,Leche semidesnatada Carrefour brik 1 l.,"0,83 €",,"0,83 €/l
- 4,98 €/6 uds.",,La Despensa,Lácteos,Leche,https://static.carrefour.es/hd_510x_/img_pim_food/231394_00_1.jpg
https://www.carrefour.es/supermercado/jamon-de-bellota-iberico-50-raza-iberica-en-lonchas-carrefour-el-mercado-90-g/R-VC4AECOMM-245227/p,Jamón de Bellota Ibérico 50% Raza Ibérica en lonchas Carrefour El Mercado 90 g,"11,09 €",,"123,22 €/kg",,Productos Frescos,Charcutería,Jamón Serrano e Ibérico Envasado,https://static.carrefour.es/hd_510x_/img_pim_food/245227_00_1.jpg
https://www.carrefour.es/supermercado/recambios-maquinilla-venus-smooth-sensitive-gillette-4-ud/R-VC4AECOMM-632293/p,Recambios maquinilla Venus Smooth Sensitive Gillette 4 ud.,"13,25 €",,"3,31 €/ud",,Perfumería e Higiene,Depilación y Afeitado,Maquinillas y Recambios,https://static.carrefour.es/hd_510x_/img_pim_food/632293_00_1.jpg
https://www.carrefour.es/supermercado/cebollitas-sabor-anchoa-classic-carrefour-190-g/R-VC4AECOMM-354953/p,Cebollitas sabor anchoa Classic Carrefour 190 g.,"1,60 €",,"8,42 €/kg",,La Despensa,Aperitivos,Aceitunas y Encurtidos,https://static.carrefour.es/hd_510x_/img_pim_food/354953_00_1.jpg
https://www.carrefour.es/supermercado/navajas-crudas-procedente-de-pesca-sostenible-carrefour-500-g/R-530014395/p,Navajas crudas procedente de pesca sostenible Carrefour 500 g.,"4,95 €",,"9,90 €/kg",,,,,https://static.carrefour.es/hd_510x_/img_pim_food/124940_00_1.jpg
https://www.carrefour.es/supermercado/snacks-de-pipas-de-girasol-abuelo-bread-sin-gluten-y-sin-lactosa-50-g/R-fprod1460102/p,Snacks de pipas de girasol Abuelo Bread sin gluten y sin lactosa 50 g.,"1,21 €",,"24,20 €/kg",,La Despensa,"Panaderia, Bollería y Pastelería","Colines, picos y crakers",https://static.carrefour.es/hd_510x_/img_pim_food/387857_00_1.jpg
https://www.carrefour.es/supermercado/zumo-de-manzana-don-simon-brik-1-l/R-520660820/p,Zumo de manzana Don Simón brik 1 l.,"1,89 €",,"1,89 €/l",,Bebidas,Aguas y Zumos,Zumos no Refrigerados,https://static.carrefour.es/hd_510x_/img_pim_food/040240_00_1.jpg
https://www.carrefour.es/supermercado/queso-edam-en-lonchas-carrefour-200-g/R-521030728/p,Queso edam en lonchas Carrefour 200 g.,"1,45 €",,"7,25 €/kg",,Productos Frescos,Quesos,Tierno,https://static.carrefour.es/hd_510x_/img_pim_food/559836_00_1.jpg
https://www.carrefour.es/supermercado/galletas-rellenas-de-crema-de-avellanas-y-cacao-nutella-304-g/R-VC4AECOMM-079379/p,Galletas rellenas de crema de avellanas y cacao Nutella 304 g.,"4,75 €",,"15,62 €/kg",,La Despensa,Desayuno,Galletas,https://static.carrefour.es/hd_510x_/img_pim_food/079379_00_1.jpg
https://www.carrefour.es/supermercado/pizza-4-quesos-casa-tarradellas-390-g/R-521030233/p,Pizza 4 quesos Casa Tarradellas 390 g.,"3,29 €",,"8,44 €/kg",,La Despensa,"Conservas, Sopas y Precocinados",Pizzas,https://static.carrefour.es/hd_510x_/img_pim_food/051245_00_1.jpg
https://www.carrefour.es/supermercado/locion-cara-y-cuerpo-24h-de-hidratacion-cottontouch-johnsons-baby-500-ml/R-prod1070218/p,Loción cara y cuerpo 24h de hidratación Cottontouch Johnson's Baby 500 ml.,"5,29 €",,"1,06 €/100ml",,Bebé,Perfumería e Higiene,"Crema Corporal, Talcos y Anti-irritación",https://static.carrefour.es/hd_510x_/img_pim_food/130575_00_1.jpg
https://www.carrefour.es/supermercado/locion-enriquecida-hidratante-corporal-ph5-para-piel-sensible-y-seca-eucerin-1000-ml/R-590508138/p,Loción enriquecida hidratante corporal pH5 para piel sensible y seca Eucerin 1000 ml.,"26,10 €",,"2,61 €/100ml",,Parafarmacia,Cuidado corporal,Cremas y Lociones,
https://www.carrefour.es/supermercado/empanada-de-hojaldre-de-atun-600-g/R-566001532/p,Empanada de Hojaldre de Atún 600 g,"5,49 €",,"9,15 €/kg",,Productos Frescos,Panadería Tradicional,Empanadas y hojaldres,https://static.carrefour.es/hd_510x_/img_pim_food/121821_00_1.jpg
https://www.carrefour.es/supermercado/cerveza-inedit-damm-malta-botella-33-cl/R-788499255/p,Cerveza Inedit Damm malta botella 33 cl.,"1,66 €",,"5,03 €/l",,Bebidas,Cerveza,Todas las Cervezas,https://static.carrefour.es/hd_510x_/img_pim_food/883047_00_1.jpg
https://www.carrefour.es/supermercado/nuggets-rebozado-fino-recetas-crujientes-la-cocinera-400-g/R-590505998/p,Nuggets rebozado fino Recetas Crujientes La Cocinera 400 g.,"5,09 €",,"12,72 €/kg",,Congelados,Rebozados y Platos Preparados,,https://static.carrefour.es/hd_510x_/img_pim_food/308097_00_1.jpg
https://www.carrefour.es/supermercado/pollo-tikka-masala-con-arroz-basmati-sensation-carrefour-300-g/R-521006935/p,Pollo tikka masala con arroz basmati Sensation Carrefour 300 g.,"3,99 €",,"13,30 €/kg",,La Despensa,"Conservas, Sopas y Precocinados",Platos Tradicionales,https://static.carrefour.es/hd_510x_/img_pim_food/692497_00_1.jpg
https://www.carrefour.es/supermercado/cafe-con-leche-descafeinado-en-capsulas-nescafe-dolce-gusto-16-ud/R-831313919/p,Café con leche descafeinado en cápsulas Nescafé Dolce Gusto 16 ud.,"5,15 €",,"32,19 €/kg",,,,,https://static.carrefour.es/hd_510x_/img_pim_food/965324_00_1.jpg
https://www.carrefour.es/supermercado/maxi-petit-de-fresa-de-platano-y-de-fresa-platano-carrefour-classic-sin-gluten-pack-de-6-unidades-de-100-g/R-VC4AECOMM-430936/p,"Maxi Petit de fresa, de plátano y de fresa-plátano Carrefour Classic' sin gluten pack de 6 unidades de 100 g.","1,89 €",,"3,15 €/kg",,La Despensa,Yogures y Postres,Yogures Infantiles,https://static.carrefour.es/hd_510x_/img_pim_food/430936_00_1.jpg
https://www.carrefour.es/supermercado/ajo-ecologico-carrefour-bio-3-uds/R-646001855/p,Ajo ecológico Carrefour Bio 3 uds,"2,15 €",,"10,75 €/kg",,Productos Frescos,Verduras y hortalizas,"Patatas, Cebollas y Ajos",https://static.carrefour.es/hd_510x_/img_pim_food/091970_00_1.jpg
https://www.carrefour.es/supermercado/espuma-de-afeitar-clasica-gillette-200-ml/R-VC4AECOMM-001168/p,Espuma de afeitar clásica Gillette 200 ml.,"3,35 €",,"1,67 €/100ml",,Perfumería e Higiene,Depilación y Afeitado,Afeitado,https://static.carrefour.es/hd_510x_/img_pim_food/001168_00_1.jpg
https://www.carrefour.es/supermercado/fideos-orientales-con-verduras-yatekomo-gallina-blanca-59-g/R-692808522/p,Fideos Orientales con verduras Yatekomo Gallina Blanca 59 g.,"1,73 €",,"29,32 €/kg",,La Despensa,"Conservas, Sopas y Precocinados",Platos Preparados,https://static.carrefour.es/hd_510x_/img_pim_food/088153_00_1.jpg
https://www.carrefour.es/supermercado/caramelos-sabor-cafe-espresso-sin-azucar-solano-sin-gluten-99-g/R-prod350915/p,Caramelos sabor café espresso sin azúcar Solano sin gluten 99 g.,"3,79 €",,"38,28 €/kg",,La Despensa,Dulce,Dulces y Golosinas,https://static.carrefour.es/hd_510x_/img_pim_food/417502_00_1.jpg
https://www.carrefour.es/supermercado/desodorante-roll-on-perfume-floral-50-ml/R-804260153/p,Desodorante roll-on perfume floral 50 ml.,"0,85 €",,"1,70 €/100ml",,Perfumería e Higiene,Baño e Higiene Corporal,Desodorantes,https://static.carrefour.es/hd_510x_/img_pim_food/897473_00_1.jpg
https://www.carrefour.es/supermercado/cafe-en-grano-natural-de-brazil-lor-espresso-500-g/R-VC4AECOMM-730805/p,Café en grano natural de Brazil L'Or Espresso 500 g.,"15,09 €",,"30,18 €/kg",,,,,https://static.carrefour.es/hd_510x_/img_pim_food/730805_00_1.jpg
https://www.carrefour.es/supermercado/gazpacho-carrefour-sin-gluten-1-l/R-805505583/p,Gazpacho Carrefour sin gluten 1 l.,"1,60 €",,"1,60 €/l",,La Despensa,"Conservas, Sopas y Precocinados",Gazpacho y Salmorejo,https://static.carrefour.es/hd_510x_/img_pim_food/923810_00_1.jpg
https://www.carrefour.es/supermercado/acondicionador-reparador-para-cabello-danado-total-repair-5-elvive-loreal-paris-300-ml/R-prod820342/p,Acondicionador reparador para cabello dañado Total Repair 5 Elvive L'Oréal Paris 300 ml.,"4,20 €",,"1,40 €/100ml",,Perfumería e Higiene,Cabello,Acondicionadores,https://static.carrefour.es/hd_510x_/img_pim_food/268138_00_1.jpg
https://www.carrefour.es/supermercado/agua-mineral-aquabona-15-l/R-520661066/p,"Agua mineral Aquabona 1,5 l.","0,66 €","0,50 €","0,44 €/l
- 3,96 €/6 uds.","0,33 €/l
- 3,00 €/6 uds.",Bebidas,Aguas y Zumos,"Agua de 0,75 a 2 litros",https://static.carrefour.es/hd_510x_/img_pim_food/465192_00_1.jpg
https://www.carrefour.es/supermercado/cerveza-el-aguila-sin-filtrar-00-alcohol-lata-33-cl/R-VC4AECOMM-389069/p,"Cerveza El Águila sin filtrar 0,0 alcohol lata 33 cl.","0,89 €",,"2,70 €/l",,Bebidas,Cerveza,Todas las Cervezas,https://static.carrefour.es/hd_510x_/img_pim_food/389069_00_1.jpg
https://www.carrefour.es/supermercado/chocolate-negro-85-cacao-lindt-mini-excellence-130-g/R-VC4AECOMM-400357/p,Chocolate negro 85% cacao Lindt MIni Excellence 130 g.,"5,99 €",,"46,08 €/kg",,La Despensa,Dulce,Bombones y Chocolates,https://static.carrefour.es/hd_510x_/img_pim_food/400357_00_1.jpg
https://www.carrefour.es/supermercado/cana-de-pescar-para-gato-vitakraft-con-raton/R-720860753/p,Caña de Pescar para Gato Vitakraft con Ratón,"1,89 €",,"1,89 €/ud",,Mascotas,Gatos,Accesorios e Higiene,https://static.carrefour.es/hd_510x_/img_pim_food/179922_00_1.jpg
https://www.carrefour.es/supermercado/queso-de-mahon-menorca-dop-de-nuestra-tierra-cuna-300-g/R-VC4AECOMM-670971/p,Queso de Mahon-Menorca DOP De Nuestra Tierra cuña 300 g,"8,20 €",,"27,34 €/kg",,Productos Frescos,Quesos,Todos los Quesos,https://static.carrefour.es/hd_510x_/img_pim_food/670971_00_1.jpg
https://www.carrefour.es/supermercado/gel-de-masaje-corporal-con-aroma-a-frutas-tropicales-exotic-escape-2-en-1-control-200-ml/R-prod520048/p,Gel de masaje corporal con aroma a frutas tropicales Exotic Escape 2 en 1 Control 200 ml.,"8,89 €",,"4,44 €/100ml",,Perfumería e Higiene,Bienestar Sexual,Lubricantes,https://static.carrefour.es/hd_510x_/img_pim_food/832803_00_1.jpg
https://www.carrefour.es/supermercado/cacahuetes-fritos-y-salados-con-piel-classic-carrefour-200-g/R-521003560/p,Cacahuetes fritos y salados con piel Classic Carrefour 200 g.,"0,99 €",,"4,95 €/kg",,La Despensa,Aperitivos,Frutos Secos,https://static.carrefour.es/hd_510x_/img_pim_food/792767_00_1.jpg
https://www.carrefour.es/supermercado/chocolate-blanco-milka-100-g/R-675501983/p,Chocolate blanco Milka 100 g.,"1,67 €",,"16,70 €/kg",,La Despensa,Dulce,Bombones y Chocolates,https://static.carrefour.es/hd_510x_/img_pim_food/335852_00_1.jpg
https://www.carrefour.es/supermercado/chocolate-negro-85-lindt-excellence-pack-de-2-tabletas-de-100-g/R-862102733/p,Chocolate negro 85% Lindt Excellence pack de 2 tabletas de 100 g.,"6,09 €",,"30,45 €/kg",,La Despensa,Dulce,Bombones y Chocolates,https://static.carrefour.es/hd_510x_/img_pim_food/139969_00_1.jpg
https://www.carrefour.es/supermercado/vino-tinto-00-torres-natureo-75-cl/R-VC4AECOMM-502451/p,Natureo Tinto 2022,"10,65 €",,"14,20 €/l",,Bebidas,Vinos,Tinto,https://static.carrefour.es/hd_510x_/img_pim_food/502451_00_1.jpg
https://www.carrefour.es/supermercado/zumo-multifrutas-carrefour-classic-pack-de-6-briks-de-20-cl/R-prod780453/p,Zumo multifrutas Carrefour Classic pack de 6 briks de 20 cl.,"2,65 €",,"2,21 €/l",,Bebidas,Aguas y Zumos,Zumos no Refrigerados,https://static.carrefour.es/hd_510x_/img_pim_food/874445_00_1.jpg
https://www.carrefour.es/supermercado/palotes-de-goma-sabor-fruta-surtidos-damel-90-g/R-VC4AECOMM-679052/p,Palotes de goma sabor fruta surtidos Damel 90 g.,"1,21 €",,"13,44 €/kg",,La Despensa,Dulce,Dulces y Golosinas,https://static.carrefour.es/hd_510x_/img_pim_food/679052_00_1.jpg
https://www.carrefour.es/supermercado/sal-para-lavavajillas-finish-4-kg/R-521028575/p,Sal para lavavajillas Finish 4 kg.,"12,69 €",,"3,17 €/kg",,Limpieza y Hogar,Productos para Cocina,Aditivos y limpiamáquinas,https://static.carrefour.es/hd_510x_/img_pim_food/000649_00_1.jpg
https://www.carrefour.es/supermercado/lavavajillas-a-mano-power-clean-carrefour-expert-500-ml/R-prod231173/p,Lavavajillas a mano Power Clean Carrefour Expert 500 ml.,"0,91 €",,"1,82 €/l",,Limpieza y Hogar,Productos para Cocina,Lavavajillas a Mano,https://static.carrefour.es/hd_510x_/img_pim_food/149531_00_1.jpg
https://www.carrefour.es/supermercado/chcoolate-con-leche-relleno-de-cremoso-y-galleta-nestle-extrafino-dinosaurus-84-g/R-VC4AECOMM-254869/p,Chcoolate con leche relleno de cremoso y galleta Nestlé extrafino Dinosaurus 84 g.,"1,42 €",,"16,90 €/kg",,La Despensa,Dulce,Bombones y Chocolates,https://static.carrefour.es/hd_510x_/img_pim_food/254869_00_1.jpg
https://www.carrefour.es/supermercado/body-milk-manteca-de-karite-nivea-400-ml/R-520664372/p,Body milk manteca de karité Nivea 400 ml.,"5,99 €",,"1,50 €/100ml",,Perfumería e Higiene,Cuidado y Protección Corporal,"Body Milk, Hidratación Bajo la Ducha",https://static.carrefour.es/hd_510x_/img_pim_food/578500_00_1.jpg
https://www.carrefour.es/supermercado/queso-saint-felicien-ecologico-carrefour-bio-150-g/R-VC4AECOMM-684040/p,Queso Saint Felicien ecológico Carrefour Bio 150 g,"5,69 €",,"37,93 €/kg",,Productos Frescos,Quesos,Todos los Quesos,https://static.carrefour.es/hd_510x_/img_pim_food/684040_00_1.jpg
https://www.carrefour.es/supermercado/termometro-digital-carrefour-soft-1-ud/R-VC4AECOMM-422058/p,Termómetro digital Carrefour Soft 1 ud.,"7,15 €",,"7,15 €/ud",,Parafarmacia,Botiquín,Termómetro y Tensiómetros,https://static.carrefour.es/hd_510x_/img_pim_food/422058_00_1.jpg
https://www.carrefour.es/supermercado/anis-en-grano-carmencita-38-g/R-521005041/p,Anís en grano Carmencita 38 g,"2,15 €",,"56,58 €/kg",,La Despensa,Alimentación,Especias y Sazonadores,https://static.carrefour.es/hd_510x_/img_pim_food/002155_00_1.jpg
https://www.carrefour.es/supermercado/snacks-de-chifles-hojuelas-de-platanos-maduritos-tortolines-100-g/R-780059489/p,Snacks de Chifles hojuelas de plátanos maduritos Tortolines 100 g.,"1,57 €",,"15,70 €/kg",,La Despensa,Aperitivos,Snacks,https://static.carrefour.es/hd_510x_/img_pim_food/762002_00_1.jpg
https://www.carrefour.es/supermercado/salmon-ahumado-noruego-extra-carrefour-pack-de-2-unidades-de-180-g/R-fprod1360268/p,Salmón ahumado noruego Extra Carrefour pack de 2 unidades de 180 g.,"12,89 €",,"35,81 €/kg",,Productos Frescos,Pescadería,Ahumados y Huevas,https://static.carrefour.es/hd_510x_/img_pim_food/341403_00_1.jpg
https://www.carrefour.es/supermercado/palitos-de-chocolate-con-leche-mikado-lu-75-g/R-521002880/p,Palitos de chocolate con leche Mikado Lu 75 g.,"2,15 €",,"28,67 €/kg",,La Despensa,Desayuno,Galletas,https://static.carrefour.es/hd_510x_/img_pim_food/522962_00_1.jpg
https://www.carrefour.es/supermercado/limpiahogar-multisuperficies-lavanda-carrefour-15-l/R-VC4AECOMM-477339/p,"Limpiahogar multisuperficies lavanda Carrefour 1,5 l.","1,86 €",,"1,24 €/l",,Limpieza y Hogar,Productos para toda la casa,Suelos,https://static.carrefour.es/hd_510x_/img_pim_food/477339_00_1.jpg
https://www.carrefour.es/supermercado/vino-do-ribera-del-duero-tinto-reserva-protos-75-cl/R-520662637/p,Protos Tinto Reserva 2018,"28,50 €",,"28,50 €/ud",,Bebidas,Vinos,Tinto,https://static.carrefour.es/hd_510x_/img_pim_food/029229_00_1.jpg
https://www.carrefour.es/supermercado/galletas-de-fibra-integral-zero-gullon-sin-azucar-170-g/R-521002767/p,Galletas de fibra integral Zero Gullón sin azúcar 170 g.,"2,09 €",,"12,29 €/kg",,La Despensa,Desayuno,Galletas,https://static.carrefour.es/hd_510x_/img_pim_food/455023_00_1.jpg
https://www.carrefour.es/supermercado/cerveza-rubia-de-abadia-carrefour-botella-75-cl/R-679601775/p,Cerveza rubia de abadía Carrefour botella 75 cl.,"2,99 €",,"3,99 €/l",,Bebidas,Cerveza,Todas las Cervezas,https://static.carrefour.es/hd_510x_/img_pim_food/058843_00_1.jpg
https://www.carrefour.es/supermercado/te-negro-con-canela-en-bolsitas-pompadour-20-ud/R-VC4AECOMM-207049/p,Té negro con canela en bolsitas Pompadour 20 ud.,"3,15 €",,"98,44 €/kg",,La Despensa,Desayuno,Infusiones y Tés,https://static.carrefour.es/hd_510x_/img_pim_food/207049_00_1.jpg
https://www.carrefour.es/supermercado/gel-de-ducha-y-champu-barbie-475-ml/R-VC4AECOMM-470993/p,Gel de ducha y champú Barbie 475 ml.,"3,29 €",,"0,69 €/100ml",,Perfumería e Higiene,Baño e Higiene Corporal,Geles de Baño,https://static.carrefour.es/hd_510x_/img_pim_food/470993_00_1.jpg
https://www.carrefour.es/supermercado/mermelada-de-tomate-categoria-extra-carrefour-sin-gluten-410-g/R-595901633/p,Mermelada de tomate categoría extra Carrefour sin gluten 410 g.,"1,81 €",,"4,41 €/kg",,,,,https://static.carrefour.es/hd_510x_/img_pim_food/352433_00_1.jpg
https://www.carrefour.es/supermercado/bebida-de-maracuya-manzana-y-mango-carrefour-classic-sin-azucar-anadido-brik-1-l/R-prod730836/p,"Bebida de maracuyá, manzana y mango Carrefour Classic sin azúcar añadido brik 1 l.","1,80 €",,"1,80 €/l",,Bebidas,Aguas y Zumos,Zumos no Refrigerados,https://static.carrefour.es/hd_510x_/img_pim_food/855248_00_1.jpg
https://www.carrefour.es/supermercado/mafalde-terre-ditalia-500-g/R-prod720340/p,Mafalde Terre d'Italia 500 g.,"2,59 €",,"5,18 €/kg",,La Despensa,Alimentación,Pastas,https://static.carrefour.es/hd_510x_/img_pim_food/852594_00_1.jpg
https://www.carrefour.es/supermercado/chocolate-puro-sin-azucares-anadidos-valor-sin-gluten-100-g/R-VC4AECOMM-435116/p,Chocolate puro sin azúcares añadidos Valor sin gluten 100 g.,"2,39 €",,"23,90 €/kg",,La Despensa,Dulce,Bombones y Chocolates,https://static.carrefour.es/hd_510x_/img_pim_food/435116_00_1.jpg
https://www.carrefour.es/supermercado/salmon-en-rodaja-calidad-y-origen-carrefour-300-g-aprox/R-prod231114/p,Salmón en rodaja Calidad y Origen Carrefour 300 g aprox,"5,32 €",,"17,75 €/kg",,Productos Frescos,Pescadería,Pescado Fresco,https://static.carrefour.es/hd_510x_/img_pim_food/283313_00_1.jpg
https://www.carrefour.es/supermercado/pechuga-de-pavo-ecologica-en-lonchas-carrefour-bio-sin-gluten-90-g/R-VC4AECOMM-625764/p,Pechuga de pavo ecológica en lonchas Carrefour Bio sin gluten 90 g,"2,89 €",,"32,11 €/kg",,Productos Frescos,Charcutería,Fiambre de Pavo y Pollo,https://static.carrefour.es/hd_510x_/img_pim_food/625764_00_1.jpg
https://www.carrefour.es/supermercado/champu-anticaspa-menthol-fresh-hs-330-ml/R-VC4AECOMM-336866/p,Champú anticaspa menthol fresh H&S 330 ml.,"5,45 €",,"1,65 €/100ml",,Perfumería e Higiene,Cabello,Champús,https://static.carrefour.es/hd_510x_/img_pim_food/336866_00_1.jpg
https://www.carrefour.es/supermercado/nuggets-de-pechuga-de-pollo-250-g/R-prod1022705/p,Nuggets de pechuga de pollo 250 g,"3,10 €",,"12,40 €/kg",,Productos Frescos,Platos Preparados Cocinados,Fritos,https://static.carrefour.es/hd_510x_/img_pim_food/099633_00_1.jpg
https://www.carrefour.es/supermercado/edulcorante-classic-liquido-natreen-250-ml/R-521004603/p,Edulcorante Classic líquido Natreen 250 ml.,"5,45 €",,"21,80 €/l",,La Despensa,Desayuno,Azúcar y Edulcorantes,https://static.carrefour.es/hd_510x_/img_pim_food/002121_00_1.jpg
https://www.carrefour.es/supermercado/mayonesa-en-bolsitas-prima-sin-gluten-doy-pack-12-ud/R-742318952/p,Mayonesa en bolsitas Prima sin gluten doy pack 12 ud.,"2,25 €",,"18,75 €/l",,La Despensa,Alimentación,Salsas y Tomate Frito,https://static.carrefour.es/hd_510x_/img_pim_food/372362_00_1.jpg
https://www.carrefour.es/supermercado/serum-vitamina-c-tratamiento-antioxidante-luminosidad-babaria-30-ml/R-prod1040580/p,Sérum vitamina C tratamiento antioxidante luminosidad Babaria 30 ml.,"6,45 €",,"21,50 €/100ml",,Perfumería e Higiene,Cuidado y Protección Corporal,Piel,https://static.carrefour.es/hd_510x_/img_pim_food/115906_00_1.jpg
https://www.carrefour.es/supermercado/omega-369-en-perlas-sanon-110-ud/R-739101048/p,"Omega 3,6,9 en perlas Sanon 110 ud.","7,65 €",,"7,73 €/100g",,Parafarmacia,Nutrición y Dietética,Complementos Vitamínicos,https://static.carrefour.es/hd_510x_/img_pim_food/710565_00_1.jpg
https://www.carrefour.es/supermercado/gomas-de-pelo-basica-ponette-1-ud/R-prod930324/p,Gomas de pelo básica Ponette 1 ud.,"1,13 €",,"1,13 €/ud",,Perfumería e Higiene,Cabello,"Cepillos, Peines y Accesorios",https://static.carrefour.es/hd_510x_/img_pim_food/940812_00_1.jpg
https://www.carrefour.es/supermercado/desodorante-en-spray-dermo-sensitive-proteccion-24h-sanex-pack-de-2-unidades-de-200-ml/R-520664899/p,Desodorante en spray dermo sensitive protección 24h Sanex pack de 2 unidades de 200 ml.,"5,49 €",,"1,37 €/100ml",,Perfumería e Higiene,Baño e Higiene Corporal,Desodorantes,https://static.carrefour.es/hd_510x_/img_pim_food/466983_00_1.jpg
https://www.carrefour.es/supermercado/caldo-de-carne-con-aceite-de-oliva-virgen-extra-avecrem-gallina-blanca-sin-gluten-8-pastillas/R-prod380135/p,Caldo de carne con aceite de oliva virgen extra Avecrem Gallina Blanca sin gluten 8 pastillas,"1,09 €",,"10,90 €/kg",,La Despensa,"Conservas, Sopas y Precocinados","Caldos, Sopas y Pure",https://static.carrefour.es/hd_510x_/img_pim_food/446525_00_1.jpg
https://www.carrefour.es/supermercado/cereales-integrales-rellenos-de-chocolate-sabor-caramelo-lion-wild-nestle-360-g/R-prod300823/p,Cereales integrales rellenos de chocolate sabor caramelo Lion Wild Nestlé 360 g.,"4,79 €",,"13,31 €/kg",,La Despensa,Desayuno,Cereales,https://static.carrefour.es/hd_510x_/img_pim_food/299911_00_1.jpg
https://www.carrefour.es/supermercado/uva-sin-pepitas-sabor-algodon-de-azucar-500-g/R-fprod1430078/p,Uva sin pepitas sabor Algodón de Azucar 500 g,"3,19 €",,"6,38 €/kg",,Productos Frescos,Frutas,Uvas,https://static.carrefour.es/hd_510x_/img_pim_food/371387_00_1.jpg
https://www.carrefour.es/supermercado/chocolate-negro-70-lindt-excellence-100-g/R-521004104/p,Chocolate negro 70% Lindt Excellence 100 g.,"3,29 €",,"32,90 €/kg",,La Despensa,Dulce,Bombones y Chocolates,https://static.carrefour.es/hd_510x_/img_pim_food/003142_00_1.jpg
https://www.carrefour.es/supermercado/lomo-embuchado-en-lonchas-boadas-1880-al-corte-sin-gluten-90-g/R-VC4AECOMM-080874/p,Lomo Embuchado en lonchas Boadas 1880 Al Corte sin gluten 90 g,"3,95 €",,"43,89 €/kg",,Productos Frescos,Charcutería,"Chorizo, Lomo y Otros",https://static.carrefour.es/hd_510x_/img_pim_food/080874_00_1.jpg
https://www.carrefour.es/supermercado/apositos-impermeables-aquablock-salvelox-12-ud/R-618303493/p,Apósitos impermeables Aquablock Salvelox 12 ud.,"3,89 €",,"0,32 €/ud",,Parafarmacia,Botiquín,Apósitos y Gasas,https://static.carrefour.es/hd_510x_/img_pim_food/673673_00_1.jpg
https://www.carrefour.es/supermercado/patatas-fritas-marinas-con-aceite-de-oliva-vidal-sin-gluten-sin-lactosa-150-g/R-VC4AECOMM-688571/p,Patatas fritas marinas con aceite de oliva Vidal sin gluten sin lactosa 150 g.,"2,69 €",,"17,93 €/kg",,La Despensa,Aperitivos,Patatas Fritas,https://static.carrefour.es/hd_510x_/img_pim_food/688571_00_1.jpg
https://www.carrefour.es/supermercado/pizza-barbacoa-fina-y-crujiente-forno-di-pietra-buitoni-325-g/R-772305242/p,Pizza barbacoa fina y crujiente Forno di Pietra Buitoni 325 g.,"3,65 €",,"11,23 €/kg",,Congelados,Pizzas Congeladas,,https://static.carrefour.es/hd_510x_/img_pim_food/779838_00_1.jpg
https://www.carrefour.es/supermercado/granola-natural-de-cacao-coco-y-quinoa-ecologica-natural-athlete-325-g/R-fprod1490041/p,"Granola natural de cacao, coco y quinoa ecológica Natural Athlete 325 g.","8,89 €",,"27,35 €/kg",,La Despensa,Desayuno,Cereales,https://static.carrefour.es/hd_510x_/img_pim_food/414875_00_1.jpg
https://www.carrefour.es/supermercado/pacharan-de-nuestra-tierra-70-cl/R-prod710159/p,Pacharán De Nuestra Tierra 70 cl.,"11,89 €",,"16,99 €/l",,,,,https://static.carrefour.es/hd_510x_/img_pim_food/850416_00_1.jpg
https://www.carrefour.es/supermercado/galletas-de-avena-y-naranja-digestive-gullon-425-g/R-871400648/p,Galletas de avena y naranja Digestive Gullón 425 g.,"2,25 €",,"5,29 €/kg",,,,,https://static.carrefour.es/hd_510x_/img_pim_food/182693_00_1.jpg
https://www.carrefour.es/supermercado/aceitunas-verdes-manzanilla-partidas-y-alinadas-carrefour-500-g/R-VC4AECOMM-488048/p,Aceitunas verdes manzanilla partidas y aliñadas Carrefour 500 g.,"3,09 €",,"6,18 €/kg",,La Despensa,Aperitivos,Aceitunas y Encurtidos,https://static.carrefour.es/hd_510x_/img_pim_food/488048_00_1.jpg
https://www.carrefour.es/supermercado/petit-queso-fresco-y-frutas-variadas-desde-6-meses-hero-baby-sin-gluten-pack-de-2-unidades-de-80-g/R-521028876/p,Petit queso fresco y frutas variadas desde 6 meses Hero Baby sin gluten pack de 2 unidades de 80 g.,"3,25 €",,"20,31 €/kg",,Bebé,Alimentación infantil,"Postres, Zumos, Petit y Yogures Infantiles",https://static.carrefour.es/hd_510x_/img_pim_food/182870_00_1.jpg
https://www.carrefour.es/supermercado/tinte-40-castano-garnier-olia-1-ud/R-684403556/p,Tinte 4.0 Castaño Garnier Olia 1 ud.,"8,35 €",,"8,35 €/ud",,Perfumería e Higiene,Cabello,Tinte,https://static.carrefour.es/hd_510x_/img_pim_food/073440_00_1.jpg
https://www.carrefour.es/supermercado/surtido-de-helados-fruit-collection-haagen-dazs-sin-gluten-4-ud/R-VC4AECOMM-463698/p,Surtido de helados Fruit Collection Häagen-Dazs sin gluten 4 ud.,"8,15 €",,"2,04 €/ud",,Congelados,Helados,Tarrinas,https://static.carrefour.es/hd_510x_/img_pim_food/463698_00_1.jpg
https://www.carrefour.es/supermercado/queso-rallado-emmental-ecologico-carrefour-bio-200-g/R-VC4AECOMM-435090/p,Queso rallado emmental ecológico Carrefour Bio 200 g.,"2,49 €",,"12,45 €/kg",,Productos Frescos,Quesos,Rallados,https://static.carrefour.es/hd_510x_/img_pim_food/435090_00_1.jpg
https://www.carrefour.es/supermercado/pistacho-natural-sin-cascara-carrefour-original-doy-pack-100-g/R-VC4AECOMM-645297/p,Pistacho natural sin cáscara Carrefour Original doy pack 100 g.,"2,69 €",,"26,90 €/kg",,La Despensa,Aperitivos,Frutos Secos,https://static.carrefour.es/hd_510x_/img_pim_food/645297_00_1.jpg
https://www.carrefour.es/supermercado/bebida-de-melocoton-carrefour-classic-sin-azucar-pack-de-6-briks-de-20-cl/R-prod730835/p,Bebida de melocotón Carrefour Classic sin azúcar pack de 6 briks de 20 cl.,"1,50 €",,"1,25 €/l",,Bebidas,Aguas y Zumos,Zumos no Refrigerados,https://static.carrefour.es/hd_510x_/img_pim_food/855241_00_1.jpg
https://www.carrefour.es/supermercado/bombon-helado-classico-blanco-y-almendras-magnun-sin-gluten-6-ud/R-VC4AECOMM-328724/p,"Bombón helado classico, blanco y almendras Magnun sin gluten 6 ud.","7,19 €",,"1,20 €/ud",,Congelados,Helados,Bombón Helado,https://static.carrefour.es/hd_510x_/img_pim_food/328724_00_1.jpg
https://www.carrefour.es/supermercado/crema-facial-de-dia-hidrata-reafirma-y-renueva-tu-piel-spf-30-regenerist-olay-50-ml/R-VC4AECOMM-270971/p,"Crema facial de dia hidrata, reafirma y renueva tu piel SPF 30 Regenerist Olay 50 ml.","30,10 €",,"60,20 €/100ml",,Perfumería e Higiene,Cosmética,Rostro,https://static.carrefour.es/hd_510x_/img_pim_food/270971_00_1.jpg
https://www.carrefour.es/supermercado/longaniza-de-payes-extra-esencia-boadas-1880-sin-gluten-125-g/R-VC4AECOMM-658704/p,Longaniza de Payés Extra Esencia Boadas 1880 sin gluten 125 g,"2,65 €",,"21,20 €/kg",,Productos Frescos,Charcutería,"Chorizo, Lomo y Otros",https://static.carrefour.es/hd_510x_/img_pim_food/658704_00_1.jpg
https://www.carrefour.es/supermercado/vino-rosado-clarete-carrizal-doca-rioja-75-cl/R-795768689/p,Vino rosado Clarete Carrizal D.O.Ca Rioja 75 cl.,"3,20 €",,"3,20 €/ud",,Bebidas,Vinos,Rosado,https://static.carrefour.es/hd_510x_/img_pim_food/895523_00_1.jpg
https://www.carrefour.es/supermercado/ambientador-flor-perfumada-fresa-nata-the-fruit-company-50-ml/R-VC4AECOMM-471907/p,Ambientador flor perfumada fresa nata The Fruit Company 50 ml.,"4,59 €",,"9,18 €/100ml",,Limpieza y Hogar,Ambientadores,Decorativos,https://static.carrefour.es/hd_510x_/img_pim_food/471907_00_1.jpg
https://www.carrefour.es/supermercado/leche-semidesnatada-pascual-brik-1-l/R-521007079/p,Leche semidesnatada Pascual brik 1 l.,"1,40 €",,"1,40 €/l
- 8,40 €/6 uds.",,La Despensa,Lácteos,Leche,https://static.carrefour.es/hd_510x_/img_pim_food/003630_00_1.jpg
https://www.carrefour.es/supermercado/yogur-cremoso-natural-ecologico-casa-grande-de-xanceda-sin-gluten-pack-de-2-unidades-de-125-g/R-590206243/p,Yogur cremoso natural ecológico Casa Grande de Xanceda sin gluten pack de 2 unidades de 125 g.,"1,99 €",,"7,96 €/kg",,La Despensa,Yogures y Postres,Yogur Natural y Sabores,https://static.carrefour.es/hd_510x_/img_pim_food/187324_00_1.jpg
https://www.carrefour.es/supermercado/serenitos-gourmet-carrefour-el-mercado-420-g/R-VC4AECOMM-418463/p,Serenitos gourmet Carrefour El Mercado 420 g,"4,99 €",,"11,88 €/kg",,La Despensa,"Panaderia, Bollería y Pastelería","Colines, picos y crakers",https://static.carrefour.es/hd_510x_/img_pim_food/418463_00_1.jpg
https://www.carrefour.es/supermercado/ensaladilla-findus-1-kg/R-712515227/p,Ensaladilla Findus 1 kg.,"4,75 €",,"4,75 €/kg",,Congelados,Verduras Congeladas,,https://static.carrefour.es/hd_510x_/img_pim_food/435026_00_1.jpg
https://www.carrefour.es/supermercado/sopa-de-pollo-con-fideos-calnort-66-g/R-766005425/p,Sopa de pollo con fideos Calnort 66 g.,"0,34 €",,"5,15 €/kg",,La Despensa,"Conservas, Sopas y Precocinados","Caldos, Sopas y Pure",https://static.carrefour.es/hd_510x_/img_pim_food/764045_00_1.jpg
https://www.carrefour.es/supermercado/salsa-guacamole-serrano-zaaschila-envase-265-g/R-VC4AECOMM-151010/p,Salsa guacamole & serrano Zaaschila envase 265 g.,"5,59 €",,"21,09 €/kg",,La Despensa,Alimentación,Salsas y Tomate Frito,https://static.carrefour.es/hd_510x_/img_pim_food/151010_00_1.jpg
https://www.carrefour.es/supermercado/mini-torreznillos-naturales-150-g/R-653301817/p,Mini torreznillos naturales 150 g,"3,75 €",,"25,00 €/kg",,La Despensa,Aperitivos,Torreznos y Cortezas,https://static.carrefour.es/hd_510x_/img_pim_food/178463_00_1.jpg
https://www.carrefour.es/supermercado/caldo-de-pollo-30-sal-avecrem-gallina-blanca-sin-gluten-10-pastillas/R-736424679/p,Caldo de pollo - 30% sal Avecrem Gallina Blanca sin gluten 10 pastillas,"1,79 €",,"18,84 €/kg",,La Despensa,"Conservas, Sopas y Precocinados","Caldos, Sopas y Pure",https://static.carrefour.es/hd_510x_/img_pim_food/703352_00_1.jpg
https://www.carrefour.es/supermercado/tratamiento-colorante-moreno-negro-touch-of-grey-just-for-men1-ud/R-590502332/p,Tratamiento colorante moreno-negro Touch of Grey Just for Men1 ud.,"9,85 €",,"9,85 €/ud",,Parafarmacia,Cabello,Tintes,https://static.carrefour.es/hd_510x_/img_pim_food/132100_00_1.jpg
https://www.carrefour.es/supermercado/tarta-de-manzana-redonda-500-g/R-VC4AECOMM-175922/p,Tarta de manzana redonda 500 g,"5,99 €",,"11,98 €/kg",,Productos Frescos,Panadería Tradicional,Pastelería y Repostería,https://static.carrefour.es/hd_510x_/img_pim_food/175922_00_1.jpg
https://www.carrefour.es/supermercado/papel-higienico-humedo-con-aloe-vera-sensitive-scottex-66-ud/R-855700412/p,Papel higiénico húmedo con aloe vera Sensitive Scottex 66 ud.,"3,25 €",,"0,05 €/ud",,Limpieza y Hogar,Papel y Celulosa,Papel Higiénico,https://static.carrefour.es/hd_510x_/img_pim_food/088205_00_1.jpg
https://www.carrefour.es/supermercado/preparado-vegetal-original-ecologico-burveg-soria-natural-pack-de-2-unidades-de-100-g/R-VC4AECOMM-484781/p,Preparado vegetal original ecológico Burveg Soria Natural pack de 2 unidades de 100 g.,"4,39 €",,"21,95 €/kg",,Productos Frescos,Carnicería,Hamburguesas,https://static.carrefour.es/hd_510x_/img_pim_food/484781_00_1.jpg
https://www.carrefour.es/supermercado/cereales-de-trigo-y-maiz-tostados-con-miel-estrellitas-nestle-450-g/R-618404810/p,Cereales de trigo y maíz tostados con miel Estrellitas Nestlé 450 g.,"4,79 €",,"10,64 €/kg",,La Despensa,Desayuno,Cereales,https://static.carrefour.es/hd_510x_/img_pim_food/351753_00_1.jpg
https://www.carrefour.es/supermercado/jamon-cocido-extra-en-lonchas-finas-campofrio-finissimas-sin-gluten-y-sin-lactosa-115-g/R-VC4AECOMM-699384/p,Jamón Cocido Extra en lonchas finas Campofrío Finissimas sin gluten y sin lactosa 115 g,"1,89 €",,"16,43 €/kg",,Productos Frescos,Charcutería,Jamón Cocido y Lacón,https://static.carrefour.es/hd_510x_/img_pim_food/699384_00_1.jpg
https://www.carrefour.es/supermercado/nueces-con-cascara-carrefour-650-g/R-prod271104/p,Nueces con cáscara Carrefour 650 g.,"3,65 €",,"5,62 €/kg",,La Despensa,Aperitivos,Frutos Secos,https://static.carrefour.es/hd_510x_/img_pim_food/302715_00_1.jpg
https://www.carrefour.es/supermercado/servilletas-2-capas-renova-recycled-80-ud-blanca/R-VC4AECOMM-720564/p,Servilletas 2 Capas RENOVA Recycled 80 ud - Blanca,"3,39 €",,"0,04 €/ud",,Limpieza y Hogar,Papel y Celulosa,Servilletas,https://static.carrefour.es/hd_510x_/img_pim_food/720564_00_1.jpg
https://www.carrefour.es/supermercado/multivitaminico-y-multimineral-en-comprimidos-hombre-multicentrum-sin-gluten-30-ud/R-697806840/p,Multivitamínico y multimineral en comprimidos Hombre Multicentrum sin gluten 30 ud.,"9,85 €",,"25,26 €/100g",,Parafarmacia,Nutrición y Dietética,Complementos Vitamínicos,https://static.carrefour.es/hd_510x_/img_pim_food/098748_00_1.jpg
https://www.carrefour.es/supermercado/jabon-de-manos-en-pastilla-de-aceite-de-oliva-125-g/R-prod273027/p,Jabón de manos en pastilla de aceite de oliva 125 g.,"1,46 €",,"1,17 €/100g",,Perfumería e Higiene,Baño e Higiene Corporal,Jabón de Manos,https://static.carrefour.es/hd_510x_/img_pim_food/320830_00_1.jpg
https://www.carrefour.es/supermercado/calamares-en-su-tinta-albo-pack-3-unidades-de-50-g/R-VC4AECOMM-544695/p,Calamares en su tinta Albo pack 3 unidades de 50 g.,"8,05 €",,"53,67 €/kg",,La Despensa,"Conservas, Sopas y Precocinados",Conservas de Pescado y Marisco,https://static.carrefour.es/hd_510x_/img_pim_food/544695_00_1.jpg
https://www.carrefour.es/supermercado/bolsas-de-basura-resistente-y-eco-100-reciclado-handy-bag-30l-25-ud/R-VC4AECOMM-800841/p,Bolsas de Basura Resistente y Eco 100% Reciclado HANDY BAG 30L 25 ud,"5,99 €",,"0,24 €/ud",,Limpieza y Hogar,Utensilios de Limpieza,Bolsas de Basura,https://static.carrefour.es/hd_510x_/img_pim_food/800841_00_1.jpg
https://www.carrefour.es/supermercado/whisky-loch-castle-escoces-1-l/R-prod100159/p,Whisky Loch Castle escocés 1 l.,"8,49 €",,"8,49 €/l",,Bebidas,Alcoholes,Whisky y Bourbon,https://static.carrefour.es/hd_510x_/img_pim_food/224637_00_1.jpg
https://www.carrefour.es/supermercado/hogaza-de-pan-9-cereales-y-semillas-recondo-240-g/R-528412632/p,Hogaza de pan 9 cereales y semillas Recondo 240 g.,"2,69 €",,"11,21 €/kg",,La Despensa,"Panaderia, Bollería y Pastelería","Colines, picos y crakers",https://static.carrefour.es/hd_510x_/img_pim_food/136754_00_1.jpg
https://www.carrefour.es/supermercado/baguettes-de-jamon-y-queso-carrefour-250-g/R-VC4AECOMM-494212/p,Baguettes de jamón y queso Carrefour 250 g.,"1,99 €",,"7,96 €/kg",,Congelados,Rebozados y Platos Preparados,,https://static.carrefour.es/hd_510x_/img_pim_food/494212_00_1.jpg
https://www.carrefour.es/supermercado/4-bayetas-multiusos-spontex-colores-surtidos/R-655301728/p,4 Bayetas Multiusos Spontex - Colores surtidos,"6,35 €",,"1,59 €/ud",,Limpieza y Hogar,Utensilios de Limpieza,Bayetas Microfibra Atrapapolvo,https://static.carrefour.es/hd_510x_/img_pim_food/107862_00_1.jpg
https://www.carrefour.es/supermercado/lejia-carrefour-5-l/R-544501839/p,Lejía Carrefour 5 l.,"1,60 €",,"0,32 €/l",,Limpieza y Hogar,Productos para toda la casa,Lejías y Amoniacos,https://static.carrefour.es/hd_510x_/img_pim_food/227732_00_1.jpg
https://www.carrefour.es/supermercado/vino-do-rioja-tinto-crianza-carrizal-75-cl/R-783315140/p,Vino D.O. Rioja tinto crianza Carrizal 75 cl.,"5,05 €",,"5,05 €/ud",,Bebidas,Vinos,Tinto,https://static.carrefour.es/hd_510x_/img_pim_food/871146_00_1.jpg
https://www.carrefour.es/supermercado/agua-mineral-natural-nestle-aquarel-2-l/R-520661082/p,Agua mineral natural Nestlé Aquarel 2 l.,"0,77 €",,"0,38 €/l
- 4,62 €/6 uds.",,Bebidas,Aguas y Zumos,"Agua de 0,75 a 2 litros",https://static.carrefour.es/hd_510x_/img_pim_food/594320_00_1.jpg
https://www.carrefour.es/supermercado/coquito-mondado-carrefour-tarrina-150-g/R-prod1070722/p,Coquito mondado Carrefour tarrina 150 g,"3,92 €",,"26,13 €/kg",,La Despensa,Aperitivos,Frutas Desecadas,https://static.carrefour.es/hd_510x_/img_pim_food/142389_00_1.jpg
https://www.carrefour.es/supermercado/set-2-estropajos-fibra-verde-con-celulosa-multiusos-carrefour/R-609801082/p,Set 2 Estropajos Fibra Verde con Celulosa Multiusos CARREFOUR,"1,69 €",,"0,84 €/ud",,Limpieza y Hogar,Utensilios de Limpieza,Estropajos,https://static.carrefour.es/hd_510x_/img_pim_food/351127_00_1.jpg
https://www.carrefour.es/supermercado/helado-de-leche-merengada-carrefour-extra-sin-gluten-1000-ml/R-VC4AECOMM-414330/p,Helado de leche merengada Carrefour Extra sin gluten 1000 ml.,"3,15 €",,"5,25 €/kg",,Congelados,Helados,Tarrinas,https://static.carrefour.es/hd_510x_/img_pim_food/414330_00_1.jpg
https://www.carrefour.es/supermercado/cupcakes-de-chocolate-pinguino-3-ud/R-fprod1330002/p,Cupcakes de chocolate Pinguino 3 ud.,"2,65 €",,"29,44 €/kg",,La Despensa,"Panaderia, Bollería y Pastelería",Bollería,https://static.carrefour.es/hd_510x_/img_pim_food/335653_00_1.jpg
https://www.carrefour.es/supermercado/boletus-y-trufa-de-nuestra-tierra-150-g/R-VC4AECOMM-264624/p,Boletus y trufa De Nuestra Tierra 150 g.,"7,15 €",,"47,67 €/kg",,La Despensa,"Conservas, Sopas y Precocinados",Conservas de Vegetales,https://static.carrefour.es/hd_510x_/img_pim_food/264624_00_1.jpg
https://www.carrefour.es/supermercado/berlina-dunkin-de-avellana-y-cacao-1-ud/R-VC4AECOMM-465960/p,Berlina Dunkin de Avellana y Cacao 1 ud.,"2,95 €",,"18,67 €/kg",,Productos Frescos,Panadería Tradicional,Bollería Tradicional,https://static.carrefour.es/hd_510x_/img_pim_food/465960_00_1.jpg
https://www.carrefour.es/supermercado/queso-fundido-en-porciones-light-la-vaca-que-rie-sin-gluten-250-g/R-521030604/p,Queso fundido en porciones light La Vaca Que Ríe sin gluten 250 g.,"2,64 €",,"10,56 €/kg",,Productos Frescos,Quesos,Todos los Quesos,https://static.carrefour.es/hd_510x_/img_pim_food/002774_00_1.jpg
https://www.carrefour.es/supermercado/desodorante-roll-on-dermo-extra-control-48h-antitranspirante-sanex-pack-de-2-unidades-de-50-ml/R-520664814/p,Desodorante roll-on dermo extra control 48h antitranspirante Sanex pack de 2 unidades de 50 ml.,"3,89 €",,"3,89 €/100ml",,Perfumería e Higiene,Baño e Higiene Corporal,Desodorantes,https://static.carrefour.es/hd_510x_/img_pim_food/543489_00_1.jpg
https://www.carrefour.es/supermercado/cafe-en-grano-natural-marcilla-gran-aroma-500-g/R-VC4AECOMM-657943/p,Café en grano natural Marcilla Gran Aroma 500 g.,"9,89 €",,"19,78 €/kg",,La Despensa,Desayuno,Cafés,https://static.carrefour.es/hd_510x_/img_pim_food/657943_00_1.jpg
https://www.carrefour.es/supermercado/helado-de-new-york-cheesecake-carte-dor-900-ml/R-VC4AECOMM-727054/p,Helado de new york cheesecake Carte D'or 900 ml.,"5,99 €",,"12,88 €/kg",,Congelados,Helados,Tarrinas,https://static.carrefour.es/hd_510x_/img_pim_food/727054_00_1.jpg
https://www.carrefour.es/supermercado/preparado-de-soja-con-arandanos-sojasun-pack-de-4-unidades-de-100-g/R-590204029/p,Preparado de soja con arándanos Sojasun pack de 4 unidades de 100 g.,"2,55 €",,"6,37 €/kg",,La Despensa,Yogures y Postres,Vegetal,https://static.carrefour.es/hd_510x_/img_pim_food/131334_00_1.jpg
https://www.carrefour.es/supermercado/prime-bebida-isotonica-strawberry-watermelon-500-ml/R-VC4AECOMM-475604/p,Prime Bebida Isotónica strawberry watermelon 500 ml.,"3,25 €",,"6,50 €/l",,Bebidas,Refrescos,Isotónicas,https://static.carrefour.es/hd_510x_/img_pim_food/475604_00_1.jpg
https://www.carrefour.es/supermercado/cereales-solubles-con-miel-y-jalea-real-nestle-eko-150-g/R-522713722/p,Cereales solubles con miel y jalea real Nestlé Eko 150 g.,"4,39 €",,"29,27 €/kg",,La Despensa,Desayuno,Cacaos y Cereales Solubles,https://static.carrefour.es/hd_510x_/img_pim_food/028615_00_1.jpg
https://www.carrefour.es/supermercado/coloracion-permanente-sin-amoniaco-cabellos-delicados-n-70-rubio-colour-clinuance-cleare-institute-1-ud/R-prod170353/p,Coloración permanente sin amoniaco cabellos delicados nº 7.0 rubio Colour Clinuance Clearé Institute 1 ud.,"6,89 €",,"6,89 €/ud",,Parafarmacia,Cabello,Tintes,https://static.carrefour.es/hd_510x_/img_pim_food/236209_00_1.jpg
https://www.carrefour.es/supermercado/cerveza-amstel-radler-con-limon-pack-12-latas-33-cl/R-824405643/p,Cerveza Amstel Radler con limón pack 12 latas 33 cl.,"9,85 €",,"2,49 €/l",,Bebidas,Cerveza,Todas las Cervezas,https://static.carrefour.es/hd_510x_/img_pim_food/958874_00_1.jpg
https://www.carrefour.es/supermercado/bombon-helado-chocolate-double-magnum-3-ud/R-827614209/p,Bombón helado chocolate Double Magnum 3 ud.,"4,99 €",,"1,66 €/ud",,,,,https://static.carrefour.es/hd_510x_/img_pim_food/962219_00_1.jpg
https://www.carrefour.es/supermercado/baguette-rustica-proceli-sin-gluten-y-sin-lactosa-120-g/R-fprod1370194/p,Baguette rústica Proceli sin gluten y sin lactosa 120 g.,"2,05 €",,"17,08 €/kg",,La Despensa,"Panaderia, Bollería y Pastelería",Especialidades de pan,https://static.carrefour.es/hd_510x_/img_pim_food/349391_00_1.jpg
https://www.carrefour.es/supermercado/gel-y-champu-de-ducha-para-ninos-cuidado-experto-sanex-475-ml/R-VC4AECOMM-624141/p,Gel y champú de ducha para niños Cuidado Experto Sanex 475 ml.,"3,59 €",,"0,76 €/100ml",,Perfumería e Higiene,Baño e Higiene Corporal,Geles de Baño,https://static.carrefour.es/hd_510x_/img_pim_food/624141_00_1.jpg
https://www.carrefour.es/supermercado/vino-espumoso-rosado-sandara-75-cl/R-772305178/p,Sandara Rosado Espumoso,"6,79 €",,"6,79 €/ud",,Bebidas,Vinos,Rosado,https://static.carrefour.es/hd_510x_/img_pim_food/779795_00_1.jpg
https://www.carrefour.es/supermercado/leche-infantil-de-continuacion-desde-6-meses-blemil-plus-2-lata-1200-g/R-790212499/p,Leche infantil de continuación desde 6 meses Blemil Plus 2 lata 1200 g.,"29,90 €",,"24,92 €/kg",,Parafarmacia,Bebé,Leche infantil,https://static.carrefour.es/hd_510x_/img_pim_food/886475_00_1.jpg
https://www.carrefour.es/supermercado/apetina-queso-blanco-dados-en-salmuera-arla-200-g/R-526500890/p,Apetina queso blanco dados en salmuera Arla 200 g.,"4,34 €",,"21,70 €/kg",,Productos Frescos,Quesos,Todos los Quesos,https://static.carrefour.es/hd_510x_/img_pim_food/044187_00_1.jpg
https://www.carrefour.es/supermercado/preparado-de-soja-fresa-tipo-skyr-alto-en-proteina-alpro-sin-lactosa-400-g/R-VC4AECOMM-460105/p,Preparado de soja fresa tipo skyr alto en proteína Alpro sin lactosa 400 g.,"2,59 €",,"6,47 €/kg",,La Despensa,Yogures y Postres,Vegetal,https://static.carrefour.es/hd_510x_/img_pim_food/460105_00_1.jpg
https://www.carrefour.es/supermercado/masa-para-empanada-carrefour-280-g/R-832428387/p,Masa para empanada Carrefour 280 g.,"1,49 €",,"5,32 €/kg",,La Despensa,"Conservas, Sopas y Precocinados",Masa Fresca y Bases,https://static.carrefour.es/hd_510x_/img_pim_food/967914_00_1.jpg
https://www.carrefour.es/supermercado/proteina-vegetal-sabor-salmon-vivera-200-g/R-VC4AECOMM-361619/p,Proteína vegetal sabor salmón Vivera 200 g.,"5,89 €",,"29,45 €/kg",,La Despensa,"Conservas, Sopas y Precocinados",Masa Fresca y Bases,https://static.carrefour.es/hd_510x_/img_pim_food/361619_00_1.jpg
https://www.carrefour.es/supermercado/meritene-fuerza-y-vitalidad-fresa-sin-gluten-pack-de-15-unidades-de-30-g/R-VC4AECOMM-097557/p,Meritene fuerza y vitalidad fresa sin gluten pack de 15 unidades de 30 g.,"22,60 €",,"5,02 €/100g",,Parafarmacia,Nutrición y Dietética,Complementos Vitamínicos,https://static.carrefour.es/hd_510x_/img_pim_food/097557_00_1.jpg
https://www.carrefour.es/supermercado/eneryeti-anyel-bebida-energetica-sabor-coco-lata-50-cl/R-VC4AECOMM-236342/p,Eneryeti Anyel Bebida Energética sabor coco lata 50 cl.,"1,20 €",,"2,40 €/l",,Bebidas,Refrescos,Energéticas,https://static.carrefour.es/hd_510x_/img_pim_food/236342_00_1.jpg
https://www.carrefour.es/supermercado/hongo-portobello-carrefour-300-g-aprox/R-fprod1220456/p,Hongo portobello Carrefour 300 g aprox,"2,11 €",,"7,05 €/kg",,Productos Frescos,Verduras y hortalizas,Setas y Hongos,https://static.carrefour.es/hd_510x_/img_pim_food/279286_00_1.jpg
https://www.carrefour.es/supermercado/cafe-espresso-intenso-en-capsulas-nescafe-dolce-gusto-30-ud/R-605701619/p,Café espresso intenso en cápsulas Nescafé Dolce Gusto 30 ud.,"8,35 €",,"39,76 €/kg",,La Despensa,Desayuno,Cafés,https://static.carrefour.es/hd_510x_/img_pim_food/379854_00_1.jpg
https://www.carrefour.es/supermercado/trina-de-naranja-sin-gas-botella-15-l/R-520660616/p,"Trina de naranja sin gas botella 1,5 l.","1,77 €",,"1,18 €/l",,Bebidas,Refrescos,Sabores sin Gas,https://static.carrefour.es/hd_510x_/img_pim_food/000070_00_1.jpg
https://www.carrefour.es/supermercado/postre-de-caramelo-oddlygood-sin-gluten-130-g/R-VC4AECOMM-180775/p,Postre de caramelo Oddlygood sin gluten 130 g.,"2,15 €",,"16,54 €/kg",,La Despensa,Yogures y Postres,Vegetal,https://static.carrefour.es/hd_510x_/img_pim_food/180775_00_1.jpg
https://www.carrefour.es/supermercado/cocido-madrileno-30-sal-y-grasas-litoral-sin-gluten-425-g/R-VC4AECOMM-628342/p,Cocido madrileño -30% sal y grasas Litoral sin gluten 425 g.,"3,85 €",,"9,06 €/kg",,La Despensa,"Conservas, Sopas y Precocinados",Platos Preparados,https://static.carrefour.es/hd_510x_/img_pim_food/628342_00_1.jpg
https://www.carrefour.es/supermercado/mix-pasas-carrefour-el-mercado-tarrina-de-250-g/R-prod1070687/p,Mix pasas Carrefour El Mercado tarrina de 250 g,"2,54 €",,"10,16 €/kg",,La Despensa,Aperitivos,Frutas Desecadas,https://static.carrefour.es/hd_510x_/img_pim_food/142085_00_1.jpg
https://www.carrefour.es/supermercado/preparado-vegetal-a-base-de-proteina-de-soja-sensational-mince-garden-gourmet-200-g/R-VC4AECOMM-623701/p,Preparado vegetal a base de proteína de soja Sensational Mince Garden Gourmet 200 g.,"5,15 €",,"25,75 €/kg",,Congelados,Rebozados y Platos Preparados,,https://static.carrefour.es/hd_510x_/img_pim_food/623701_00_1.jpg
https://www.carrefour.es/supermercado/pasta-espaguetis-n-3-ecologico-gallo-450-g/R-589702178/p,Pasta espaguetis nº 3 ecológico Gallo 450 g.,"2,25 €",,"5,00 €/kg",,La Despensa,Alimentación,Pastas,https://static.carrefour.es/hd_510x_/img_pim_food/306856_00_1.jpg
https://www.carrefour.es/supermercado/bifidus-cremoso-de-melocoton-danone-activia-sin-gluten-pack-de-4-unidades-de-115-g/R-VC4AECOMM-016033/p,Bífidus cremoso de melocotón Danone Activia sin gluten pack de 4 unidades de 115 g.,"1,98 €",,"4,30 €/kg",,La Despensa,Yogures y Postres,Bífidus,https://static.carrefour.es/hd_510x_/img_pim_food/016033_00_1.jpg
https://www.carrefour.es/supermercado/melatonina-gaba-en-capsulas-naturtierra-sin-gluten-30-ud/R-prod272633/p,Melatonina + GABA en cápsulas NaturTierra sin gluten 30 ud.,"4,35 €",,"271,87 €/kg",,La Despensa,Alimentación,Vitaminas y Complementos,https://static.carrefour.es/hd_510x_/img_pim_food/814383_00_1.jpg
https://www.carrefour.es/supermercado/ambientador-difusor-aroma-peonia-y-jazmin-equilibrante-essential-mist-recambio-air-wick-1-ud/R-prod395266/p,Ambientador difusor aroma peonia y jazmín equilibrante Essential Mist recambio Air Wick 1 ud.,"7,75 €",,"7,75 €/ud",,Limpieza y Hogar,Ambientadores,Automáticos,https://static.carrefour.es/hd_510x_/img_pim_food/491412_00_1.jpg
https://www.carrefour.es/supermercado/nectar-de-pina-juver-brik-2-l/R-636501709/p,Néctar de piña Juver brik 2 l.,"1,71 €",,"0,85 €/l",,Bebidas,Aguas y Zumos,Zumos no Refrigerados,https://static.carrefour.es/hd_510x_/img_pim_food/260403_00_1.jpg
https://www.carrefour.es/supermercado/locion-talquistina-200-ml/R-fprod1180314/p,Loción Talquistina 200 ml.,"16,39 €",,"8,19 €/100ml",,Parafarmacia,Botiquín,Antisépticos y Talcos,https://static.carrefour.es/hd_510x_/img_pim_food/224428_00_1.jpg
https://www.carrefour.es/supermercado/esparadrapo-sensitive-5-m-x-25-cm-salvelox-1-ud/R-618303489/p,"Esparadrapo Sensitive 5 m x 2,5 cm Salvelox 1 ud.","2,19 €",,"2,19 €/ud",,Parafarmacia,Botiquín,Apósitos y Gasas,https://static.carrefour.es/hd_510x_/img_pim_food/673666_00_1.jpg
https://www.carrefour.es/supermercado/nata-fresca-cremfres-albe-sin-gluten-500-g/R-prod460384/p,Nata fresca Cremfres Albe sin gluten 500 g.,"4,39 €",,"8,78 €/kg",,La Despensa,Lácteos,Nata,https://static.carrefour.es/hd_510x_/img_pim_food/826927_00_1.jpg
https://www.carrefour.es/supermercado/cilantro-manojo-de-100-g/R-804523465/p,Cilantro manojo de 100 g,"1,42 €",,"14,20 €/kg",,Productos Frescos,Verduras y hortalizas,Hortalizas,https://static.carrefour.es/hd_510x_/img_pim_food/917301_00_1.jpg
https://www.carrefour.es/supermercado/barrita-de-chocolate-negro-alta-en-proteinas-carrefour-sensation-120-g/R-VC4AECOMM-436713/p,Barrita de chocolate negro alta en proteínas Carrefour Sensation 120 g,"3,45 €",,"28,75 €/kg",,La Despensa,Desayuno,Barritas,https://static.carrefour.es/hd_510x_/img_pim_food/436713_00_1.jpg
https://www.carrefour.es/supermercado/pan-ciabatta-con-semillas-proceli-sin-gluten-y-sin-lactosa-120-g/R-VC4AECOMM-562373/p,Pan Ciabatta con semillas Proceli sin gluten y sin lactosa 120 g.,"2,45 €",,"20,42 €/kg",,La Despensa,"Panaderia, Bollería y Pastelería",Especialidades de pan,https://static.carrefour.es/hd_510x_/img_pim_food/562373_00_1.jpg
https://www.carrefour.es/supermercado/entrecot-de-vacuno-de-extremadura-carrefour-el-mercado-600-g-aprox/R-826005259/p,Entrecot de vacuno de Extremadura Carrefour El Mercado 600 g aprox,"13,74 €",,"22,90 €/kg",,Productos Frescos,Carnicería,Vacuno,https://static.carrefour.es/hd_510x_/img_pim_food/955744_00_1.jpg
https://www.carrefour.es/supermercado/dentifrico-protect-caries-carrefour-soft-75-ml/R-fprod1460449/p,Dentífrico Protect Caries Carrefour Soft 75 ml.,"0,83 €",,"1,11 €/100ml",,Perfumería e Higiene,Boca y Sonrisa,Dentífricos,https://static.carrefour.es/hd_510x_/img_pim_food/400829_00_1.jpg
https://www.carrefour.es/supermercado/chupete-tetina-anatomica-de-latex-0-6-m-suavinex-2-ud/R-590510522/p,Chupete tetina anatómica de látex 0-6 m Suavinex 2 ud.,"5,25 €",,"2,62 €/ud",,Parafarmacia,Bebé,Puericultura,https://static.carrefour.es/hd_510x_/img_pim_food/714062_00_1.jpg
https://www.carrefour.es/supermercado/cafe-latte-cappuccino-nescafe-sin-gluten-205-ml/R-773908272/p,Café latte cappuccino Nescafé sin gluten 205 ml.,"1,50 €",,"7,32 €/l",,La Despensa,Lácteos,Listo para beber,https://static.carrefour.es/hd_510x_/img_pim_food/781233_00_1.jpg
https://www.carrefour.es/supermercado/natillas-de-vainilla-altas-en-proteinas-danone-sin-gluten-pack-de-4-unidades-de-120-g/R-VC4AECOMM-328447/p,Natillas de vainilla altas en proteínas Danone sin gluten pack de 4 unidades de 120 g.,"2,49 €",,"5,19 €/kg",,La Despensa,Yogures y Postres,"Natillas, Cremas y Copas",https://static.carrefour.es/hd_510x_/img_pim_food/328447_00_1.jpg
https://www.carrefour.es/supermercado/queso-rallado-pizza-light-arla-150-g/R-666301783/p,Queso rallado pizza light Arla 150 g.,"3,32 €",,"18,97 €/kg",,Productos Frescos,Quesos,Rallados,https://static.carrefour.es/hd_510x_/img_pim_food/323818_00_1.jpg
https://www.carrefour.es/supermercado/gel-de-afeitado-piel-sensible-carrefour-men-200-ml/R-VC4AECOMM-093142/p,Gel de afeitado piel sensible Carrefour Men 200 ml.,"1,55 €",,"0,77 €/100ml",,Perfumería e Higiene,Depilación y Afeitado,Afeitado,https://static.carrefour.es/hd_510x_/img_pim_food/093142_00_1.jpg
https://www.carrefour.es/supermercado/natillas-de-vainilla-con-alto-contenido-en-proteinas-reina-sin-gluten-pack-de-4-unidades-de-125-g/R-VC4AECOMM-378889/p,Natillas de vainilla con alto contenido en proteínas Reina sin gluten pack de 4 unidades de 125 g.,"1,95 €",,"3,90 €/ud",,La Despensa,Yogures y Postres,"Natillas, Cremas y Copas",https://static.carrefour.es/hd_510x_/img_pim_food/378889_00_1.jpg
https://www.carrefour.es/supermercado/limpia-multisuperficies-pronto-250-ml/R-VC4AECOMM-168910/p,Limpia multisuperficies Pronto 250 ml.,"4,35 €",,"17,40 €/l",,Limpieza y Hogar,Productos para toda la casa,Limpia Muebles,https://static.carrefour.es/hd_510x_/img_pim_food/168910_00_1.jpg
https://www.carrefour.es/supermercado/pechuga-de-pavo-en-dados-serrano-sin-gluten-sin-lactosa-200-g/R-VC4AECOMM-709267/p,Pechuga de pavo en dados Serrano sin gluten sin lactosa 200 g.,"2,29 €",,"11,45 €/kg",,Productos Frescos,Charcutería,Fiambre de Pavo y Pollo,https://static.carrefour.es/hd_510x_/img_pim_food/709267_00_1.jpg
https://www.carrefour.es/supermercado/crema-de-limoncello-by-jan-70-cl/R-VC4AECOMM-470875/p,Crema de limoncello By J.A.N 70 cl.,"6,99 €",,"9,99 €/l",,,,,https://static.carrefour.es/hd_510x_/img_pim_food/470875_00_1.jpg
https://www.carrefour.es/supermercado/galletas-maria-marbu-dorada-artiach-1800-g/R-521002674/p,Galletas maría Marbú Dorada Artiach 1800 g.,"10,85 €",,"6,03 €/kg",,La Despensa,Desayuno,Galletas,https://static.carrefour.es/hd_510x_/img_pim_food/032783_00_1.jpg
https://www.carrefour.es/supermercado/aceite-de-oliva-virgen-extra-de-nuestra-tierra-do-les-garrigues-50-cl/R-521013220/p,Aceite de oliva virgen extra De Nuestra Tierra D.O Les Garrigues 50 cl.,"8,15 €",,"16,30 €/l",,La Despensa,Alimentación,Aceites y vinagres,https://static.carrefour.es/hd_510x_/img_pim_food/352710_00_1.jpg
https://www.carrefour.es/supermercado/tinte-permanente-tono-411-castano-ceniza-intenso-excellence-cool-creme-loreal-paris-1-ud/R-VC4AECOMM-229610/p,Tinte permanente tono 4.11 castaño ceniza intenso Excellence Cool Creme L'Oréal Paris 1 ud.,"8,89 €",,"8,89 €/ud",,Perfumería e Higiene,Cabello,Tinte,https://static.carrefour.es/hd_510x_/img_pim_food/229610_00_1.jpg
https://www.carrefour.es/supermercado/detergente-liquido-mimosin-skip-33-lavados/R-VC4AECOMM-308976/p,Detergente líquido Mimosín Skip 33 lavados,"11,89 €",,"0,36 €/lavado",,Limpieza y Hogar,Cuidado de la Ropa,Detergentes,https://static.carrefour.es/hd_510x_/img_pim_food/308976_00_1.jpg
https://www.carrefour.es/supermercado/dosificador-para-leche-en-polvo-y-cereales-suavinex-1-ud/R-VC4AECOMM-518321/p,Dosificador para leche en polvo y cereales Suavinex 1 ud.,"6,45 €",,"6,45 €/ud",,Bebé,Puericultura,"Chupetes, biberones y tetinas",https://static.carrefour.es/hd_510x_/img_pim_food/518321_00_1.jpg
https://www.carrefour.es/supermercado/tonica-nordic-mist-zero-azucar-lata-25-cl/R-791548056/p,Tónica Nordic Mist zero azúcar lata 25 cl.,"0,71 €",,"2,84 €/l
- 5,68 €/8 uds.",,Bebidas,Refrescos,Tónica,https://static.carrefour.es/hd_510x_/img_pim_food/886887_00_1.jpg
https://www.carrefour.es/supermercado/multivitaminas-complet-oligoelementos-vallesol-24-comprimidos/R-619902589/p,Multivitaminas complet + oligoelementos Vallesol 24 comprimidos.,"5,29 €",,"7,87 €/100g",,Parafarmacia,Nutrición y Dietética,Complementos Vitamínicos,https://static.carrefour.es/hd_510x_/img_pim_food/688771_00_1.jpg
https://www.carrefour.es/supermercado/helado-de-fresa-con-trozos-carrefour-500-g/R-521031880/p,Helado de fresa con trozos Carrefour 500 g.,"3,25 €",,"6,50 €/kg",,,,,https://static.carrefour.es/hd_510x_/img_pim_food/231511_00_1.jpg
https://www.carrefour.es/supermercado/pechuga-de-pavo-en-finas-lonchas-carrefour-el-mercado-sin-gluten-pack-de-2-unidades-de-225-g/R-VC4AECOMM-050651/p,Pechuga de Pavo en finas lonchas Carrefour El Mercado sin gluten pack de 2 unidades de 225 g,"3,15 €",,"7,87 €/kg",,Productos Frescos,Charcutería,Fiambre de Pavo y Pollo,https://static.carrefour.es/hd_510x_/img_pim_food/050651_00_1.jpg
https://www.carrefour.es/supermercado/amoniaco-muy-fuerte-con-detergente-carrefour-750-ml/R-854900358/p,Amoniaco muy fuerte con detergente Carrefour 750 ml.,"1,25 €",,"1,67 €/l",,Limpieza y Hogar,Productos para toda la casa,Lejías y Amoniacos,https://static.carrefour.es/hd_510x_/img_pim_food/086189_00_1.jpg
https://www.carrefour.es/supermercado/esponja-rizo-carrefour-1-ud/R-fprod1280616/p,Esponja rizo Carrefour 1 ud.,"0,66 €",,"0,66 €/ud",,Perfumería e Higiene,Baño e Higiene Corporal,"Esponjas, Manoplas y Cepillos de Baño",https://static.carrefour.es/hd_510x_/img_pim_food/331218_00_1.jpg
https://www.carrefour.es/supermercado/pilas-alcalinas-aa-duracell-plus-paquete-de-10/R-VC4AECOMM-478425/p,"Pilas Alcalinas AA Duracell Plus, paquete de 10","8,99 €",,"8,99 €/ud",,Limpieza y Hogar,Bazar,Pilas,https://static.carrefour.es/hd_510x_/img_pim_food/478425_00_1.jpg
https://www.carrefour.es/supermercado/chicles-de-sandia-sin-azucar-five-618-g/R-VC4AECOMM-756912/p,"Chicles de sandía sin azúcar Five 61,8 g.","4,29 €",,"70,33 €/kg",,La Despensa,Dulce,Dulces y Golosinas,https://static.carrefour.es/hd_510x_/img_pim_food/756912_00_1.jpg
https://www.carrefour.es/supermercado/gajos-de-mandarina-en-almibar-helios-sin-gluten-175-g/R-VC4AECOMM-668771/p,Gajos de mandarina en almíbar Helios sin gluten 175 g.,"2,59 €",,"14,80 €/kg",,La Despensa,"Conservas, Sopas y Precocinados",Conservas de Frutas,https://static.carrefour.es/hd_510x_/img_pim_food/668771_00_1.jpg
https://www.carrefour.es/supermercado/gelatina-light-sabor-limon-sin-azucar-royal-31-g/R-845300445/p,Gelatina light sabor limón sin azúcar Royal 31 g.,"3,19 €",,"102,90 €/kg",,La Despensa,Dulce,Repostería,https://static.carrefour.es/hd_510x_/img_pim_food/006196_00_1.jpg
https://www.carrefour.es/supermercado/cera-para-muebles-de-acabado-incolora-alex-250-g/R-521001750/p,Cera para muebles de acabado incolora Alex 250 g.,"6,89 €",,"27,56 €/kg",,Limpieza y Hogar,Productos para toda la casa,Limpia Muebles,https://static.carrefour.es/hd_510x_/img_pim_food/030733_00_1.jpg
https://www.carrefour.es/supermercado/anchoas-en-aceite-de-oliva-consorcio-50-g/R-521029288/p,Anchoas en aceite de oliva Consorcio 50 g.,"3,55 €",,"122,41 €/kg",,La Despensa,"Conservas, Sopas y Precocinados",Conservas de Pescado y Marisco,https://static.carrefour.es/hd_510x_/img_pim_food/167164_00_1.jpg
https://www.carrefour.es/supermercado/caballa-en-tomate-corona-real-425-g/R-543602486/p,Caballa en tomate Corona Real 425 g.,"3,99 €",,"14,46 €/kg",,La Despensa,"Conservas, Sopas y Precocinados",Conservas de Pescado y Marisco,https://static.carrefour.es/hd_510x_/img_pim_food/678367_00_1.jpg
https://www.carrefour.es/supermercado/agua-mineral-natural-cabreiroa-tapon-deportivo-33-cl/R-843506724/p,Agua mineral natural Cabreiroá tapón deportivo 33 cl.,"0,70 €",,"2,12 €/l
- 4,20 €/6 uds.",,Bebidas,Aguas y Zumos,"Agua hasta 0,75 litros",https://static.carrefour.es/hd_510x_/img_pim_food/985876_00_1.jpg
https://www.carrefour.es/supermercado/mousse-de-queso-con-nueces-rondele-president-125-g/R-prod1090007/p,Mousse de queso con nueces Rondelé Président 125 g.,"2,50 €",,"20,00 €/kg",,Productos Frescos,Quesos,Crema de queso,https://static.carrefour.es/hd_510x_/img_pim_food/143734_00_1.jpg
https://www.carrefour.es/supermercado/vino-tinto-roble-tempranillo-cune-do-ribera-del-duero-75-cl/R-694303867/p,Cune Tinto Roble 2022,"8,65 €",,"8,65 €/ud",,,,,https://static.carrefour.es/hd_510x_/img_pim_food/092804_00_1.jpg
https://www.carrefour.es/supermercado/ketchup-50-menos-azucar-y-sal-heinz-envase-550-g/R-prod61362/p,Kétchup 50% menos azúcar y sal Heinz envase 550 g.,"3,95 €",,"7,18 €/kg",,La Despensa,Alimentación,Salsas y Tomate Frito,https://static.carrefour.es/hd_510x_/img_pim_food/202489_00_1.jpg
https://www.carrefour.es/supermercado/lechuga-iceberg-carrefour-el-mercado-250-g/R-VC4AECOMM-478340/p,Lechuga Iceberg Carrefour El Mercado 250 g,"0,84 €",,"3,36 €/kg",,Productos Frescos,Verduras y hortalizas,Ensaladas y Verduras Preparadas,https://static.carrefour.es/hd_510x_/img_pim_food/478340_00_1.jpg
https://www.carrefour.es/supermercado/batido-de-chocolate-zero-sin-azucar-anadido-puleva-sin-gluten-pack-de-6-briks-de-200-ml/R-VC4AECOMM-453710/p,Batido de chocolate zero sin azúcar añadido Puleva sin gluten pack de 6 briks de 200 ml.,"3,25 €",,"2,71 €/l",,La Despensa,Lácteos,Batidos y Horchatas,https://static.carrefour.es/hd_510x_/img_pim_food/453710_00_1.jpg
https://www.carrefour.es/supermercado/champu-rizos-definidos-para-pelos-con-rizos-rebeldes-y-encrespados-pro-v-pantene-625-ml/R-VC4AECOMM-504933/p,Champú rizos definidos para pelos con rizos rebeldes y encrespados Pro-V Pantene 625 ml.,"7,99 €",,"1,28 €/100ml",,Perfumería e Higiene,Cabello,Champús,https://static.carrefour.es/hd_510x_/img_pim_food/504933_00_1.jpg
https://www.carrefour.es/supermercado/picos-integrales-quely-225-g/R-538001794/p,Picos integrales Quely 225 g.,"1,29 €",,"5,73 €/kg",,La Despensa,"Panaderia, Bollería y Pastelería","Colines, picos y crakers",https://static.carrefour.es/hd_510x_/img_pim_food/051753_00_1.jpg
https://www.carrefour.es/supermercado/queso-tierno-light-en-lonchas-el-ventero-200-g/R-521030539/p,Queso tierno light en lonchas El Ventero 200 g.,"4,13 €",,"20,65 €/kg",,Productos Frescos,Quesos,Tierno,https://static.carrefour.es/hd_510x_/img_pim_food/590741_00_1.jpg
https://www.carrefour.es/supermercado/preparado-de-soja-natural-con-avena-alpro-sin-lactosa-400-g/R-VC4AECOMM-014040/p,Preparado de soja natural con avena Alpro sin lactosa 400 g.,"2,29 €",,"5,72 €/kg",,La Despensa,Yogures y Postres,Vegetal,https://static.carrefour.es/hd_510x_/img_pim_food/014040_00_1.jpg
https://www.carrefour.es/supermercado/locion-champu-antipiojos-zz-225-ml/R-prod850202/p,Loción + champú antipiojos ZZ 225 ml.,"10,59 €",,"10,59 €/ud",,Parafarmacia,Cabello,Antiparasitarios,https://static.carrefour.es/hd_510x_/img_pim_food/377361_00_1.jpg
https://www.carrefour.es/supermercado/patatas-prefritas-con-piel-carrefour-600-g/R-521031642/p,Patatas prefritas con piel Carrefour 600 g.,"1,35 €",,"2,25 €/kg",,Congelados,Salteados Congelados,,https://static.carrefour.es/hd_510x_/img_pim_food/688195_00_1.jpg
https://www.carrefour.es/supermercado/sidra-de-nuestra-tierra-dop-asturias-natural-70-cl/R-fprod1230039/p,De Nuestra Tierra Sidra Natural,"3,15 €",,"4,50 €/l",,Bebidas,Sidra,Natural,https://static.carrefour.es/hd_510x_/img_pim_food/284007_00_1.jpg
https://www.carrefour.es/supermercado/ensalada-italia-pasta-casarecce-y-mozzarella-florette-285-g/R-VC4AECOMM-405043/p,Ensalada Italia pasta casarecce y mozzarella Florette 285 g,"3,56 €",,"12,49 €/kg",,Productos Frescos,Verduras y hortalizas,Ensaladas y Verduras Preparadas,https://static.carrefour.es/hd_510x_/img_pim_food/405043_00_1.jpg
https://www.carrefour.es/supermercado/bolsas-para-bocadillos-de-17x24-cm-albal-50-ud/R-521012234/p,Bolsas para bocadillos de 17x24 cm. Albal 50 ud.,"2,19 €",,"0,04 €/ud",,Limpieza y Hogar,Conservación de Alimentos,Bolsas,https://static.carrefour.es/hd_510x_/img_pim_food/035065_00_1.jpg
https://www.carrefour.es/supermercado/hamburguesa-de-vacuno-raza-frisona-carrefour-el-mercado-240-g/R-VC4AECOMM-053256/p,Hamburguesa de Vacuno Raza Frisona Carrefour El Mercado 240 g,"2,49 €",,"10,38 €/kg",,Productos Frescos,Carnicería,Hamburguesas,https://static.carrefour.es/hd_510x_/img_pim_food/053256_00_1.jpg
https://www.carrefour.es/supermercado/quitagrasas-con-jabon-de-marsella-essential-carrefour-750-ml/R-VC4AECOMM-689652/p,Quitagrasas con jabón de Marsella Essential Carrefour 750 ml.,"1,35 €",,"1,80 €/l",,Limpieza y Hogar,Productos para Cocina,Quitagrasas,https://static.carrefour.es/hd_510x_/img_pim_food/689652_00_1.jpg
https://www.carrefour.es/supermercado/galletas-saladas-peces-carrefour-classic-350-g/R-844000766/p,Galletas saladas peces Carrefour Classic 350 g.,"1,20 €",,"3,43 €/kg",,La Despensa,Aperitivos,Galletas Saladas,https://static.carrefour.es/hd_510x_/img_pim_food/986930_00_1.jpg
https://www.carrefour.es/supermercado/colesterol-en-capsulas-h4u-sin-gluten-30-ud/R-VC4AECOMM-623391/p,Colesterol en cápsulas H4U sin gluten 30 ud.,"5,25 €",,"1,02 €/100g",,Parafarmacia,Nutrición y Dietética,Complementos Vitamínicos,https://static.carrefour.es/hd_510x_/img_pim_food/623391_00_1.jpg
https://www.carrefour.es/supermercado/preparado-lacteo-con-nueces-omega-3-puleva-sin-gluten-brik-1-l/R-530363440/p,Preparado lácteo con nueces Omega 3 Puleva sin gluten brik 1 l.,"1,89 €","1,69 €","1,89 €/l
- 11,34 €/6 uds.","1,69 €/l
- 10,14 €/6 uds.",La Despensa,Lácteos,Leche,https://static.carrefour.es/hd_510x_/img_pim_food/168053_00_1.jpg
https://www.carrefour.es/supermercado/dentifrico-tratamiento-gingivitis-clorhexidina-lacer-75-ml/R-590507964/p,Dentífrico tratamiento gingivitis Clorhexidina Lacer 75 ml.,"7,29 €",,"9,72 €/100ml",,Parafarmacia,Higiene Bucal,Pasta de dientes,https://static.carrefour.es/hd_510x_/img_pim_food/548446_00_1.jpg
https://www.carrefour.es/supermercado/tinte-creme-n-646-rubio-oscuro-cobre-caoba-loreal-excellence-1-ud/R-546101888/p,Tinte creme nº 6.46 Rubio Oscuro Cobre Caoba L'Oréal Excellence 1 ud.,"8,89 €",,"8,89 €/ud",,Perfumería e Higiene,Cabello,Tinte,https://static.carrefour.es/hd_510x_/img_pim_food/000959_00_1.jpg
https://www.carrefour.es/supermercado/foie-gras-de-pato-entero-mi-cuit-carrefour-300-g/R-VC4AECOMM-558173/p,Foie Gras de Pato Entero Mi-Cuit Carrefour 300 g,"25,90 €",,"86,33 €/kg",,Productos Frescos,Charcutería,"Foie, Patés y Sobrasadas",https://static.carrefour.es/hd_510x_/img_pim_food/558173_00_1.jpg
https://www.carrefour.es/supermercado/panales-dodot-activity-t5-12-17-kg-48-ud/R-829518873/p,Pañales Dodot Activity T5 (12-17 kg.) 48 ud.,"32,00 €",,"0,67 €/ud",,Bebé,Pañales y Toallitas,Pañales Dodot,https://static.carrefour.es/hd_510x_/img_pim_food/965016_00_1.jpg
https://www.carrefour.es/supermercado/yerba-mate-suave-con-palo-union-sin-gluten-500-g/R-777005561/p,Yerba mate suave con palo Unión sin gluten 500 g.,"4,69 €",,"9,38 €/kg",,,,,https://static.carrefour.es/hd_510x_/img_pim_food/788711_00_1.jpg
https://www.carrefour.es/supermercado/mini-galletas-banadas-en-chocolate-colacao-100-g/R-VC4AECOMM-305407/p,Mini galletas bañadas en chocolate Colacao 100 g.,"2,15 €",,"21,50 €/kg",,,,,https://static.carrefour.es/hd_510x_/img_pim_food/305407_00_1.jpg
https://www.carrefour.es/supermercado/chocolate-negro-85-cacao-madagascar-ecologico-ethiquable-100-g/R-742811563/p,Chocolate negro 85% cacao Madagascar ecológico Ethiquable 100 g.,"3,25 €",,"32,50 €/kg",,La Despensa,Dulce,Bombones y Chocolates,https://static.carrefour.es/hd_510x_/img_pim_food/724851_00_1.jpg
https://www.carrefour.es/supermercado/pan-de-molde-elaborado-con-harina-integral-14-sin-corteza-de-trigo-espelta-ecologico-artebianca-sin-lactosa-300-g/R-prod971632/p,Pan de molde elaborado con harina integral 14 % sin corteza de trigo espelta ecológico Artebianca sin lactosa 300 g.,"4,39 €",,"14,63 €/kg",,La Despensa,"Panaderia, Bollería y Pastelería",Pan de Molde,https://static.carrefour.es/hd_510x_/img_pim_food/068611_00_1.jpg
https://www.carrefour.es/supermercado/aperitivo-sabor-mantequilla-jumpers-sin-gluten-100-g/R-prod300963/p,Aperitivo sabor mantequilla Jumpers sin gluten 100 g.,"1,31 €",,"13,10 €/kg",,La Despensa,Aperitivos,Snacks,https://static.carrefour.es/hd_510x_/img_pim_food/352809_00_1.jpg
https://www.carrefour.es/supermercado/tomate-con-aceite-de-oliva-virgen-extra-ecologico-pedro-luis-sin-gluten-340-g/R-prod100057/p,Tomate con aceite de oliva virgen extra ecológico Pedro Luis sin gluten 340 g.,"3,19 €",,"9,38 €/kg",,La Despensa,Alimentación,Salsas y Tomate Frito,https://static.carrefour.es/hd_510x_/img_pim_food/223763_00_1.jpg
https://www.carrefour.es/supermercado/magdalenas-redondas-la-bella-easo-16-ud/R-701717791/p,Magdalenas redondas La Bella Easo 16 ud.,"3,19 €",,"6,87 €/kg",,La Despensa,"Panaderia, Bollería y Pastelería",Bollería,https://static.carrefour.es/hd_510x_/img_pim_food/400811_00_1.jpg
https://www.carrefour.es/supermercado/curcuma-carmencita-sin-gluten-48-g/R-680001723/p,Cúrcuma Carmencita sin gluten 48 g.,"2,15 €",,"47,78 €/kg",,La Despensa,Alimentación,Especias y Sazonadores,https://static.carrefour.es/hd_510x_/img_pim_food/060760_00_1.jpg
https://www.carrefour.es/supermercado/comino-molido-ecologico-artemis-bio-30-g/R-VC4AECOMM-491273/p,Comino molido ecológico Artemis Bio 30 g.,"1,99 €",,"66,33 €/kg",,La Despensa,Alimentación,Especias y Sazonadores,https://static.carrefour.es/hd_510x_/img_pim_food/491273_00_1.jpg
https://www.carrefour.es/supermercado/cerveza-free-damm-lager-00-sin-alcohol-sin-gluten-pack-de-6-botellas-de-25-cl/R-521035191/p,"Cerveza Free Damm Lager 0,0 sin alcohol sin gluten pack de 6 botellas de 25 cl.","3,75 €",,"2,50 €/l",,Bebidas,Cerveza,Sin Alcohol,https://static.carrefour.es/hd_510x_/img_pim_food/026488_00_1.jpg
https://www.carrefour.es/supermercado/conos-nocilla-cornetto-disc-4-ud/R-VC4AECOMM-161078/p,Conos Nocilla Cornetto Disc 4 ud.,"5,55 €",,"1,39 €/ud",,,,,https://static.carrefour.es/hd_510x_/img_pim_food/161078_00_1.jpg
https://www.carrefour.es/supermercado/cava-aromes-de-celler-brut-nature-75-cl/R-VC4AECOMM-378316/p,Cava Aromes de Celler brut nature 75 cl.,"4,15 €",,"4,15 €/ud",,,,,https://static.carrefour.es/hd_510x_/img_pim_food/378316_00_1.jpg
https://www.carrefour.es/supermercado/salchichon-extra-revilla-sin-gluten-65-g/R-VC4AECOMM-699225/p,Salchichón extra Revilla sin gluten 65 g.,"0,99 €",,"14,14 €/kg",,Productos Frescos,Charcutería,"Salchichón, Salami y Fuet",https://static.carrefour.es/hd_510x_/img_pim_food/699225_00_1.jpg
https://www.carrefour.es/supermercado/pulpa-de-tomate-mutti-400-g/R-fprod1480329/p,Pulpa de tomate Mutti 400 g.,"3,09 €",,"7,72 €/kg",,La Despensa,"Conservas, Sopas y Precocinados",Conservas de Tomate,https://static.carrefour.es/hd_510x_/img_pim_food/414783_00_1.jpg
https://www.carrefour.es/supermercado/cafe-latte-sabor-avellana-nescafe-sin-gluten-205-ml/R-VC4AECOMM-219625/p,Café latte sabor avellana Nescafé sin gluten 205 ml.,"1,69 €",,"8,24 €/l",,La Despensa,Lácteos,Listo para beber,https://static.carrefour.es/hd_510x_/img_pim_food/219625_00_1.jpg
https://www.carrefour.es/supermercado/toallitas-intimas-formula-fresca-chilly-12-ud/R-582901543/p,Toallitas íntimas fórmula fresca Chilly 12 ud.,"3,25 €",,"0,27 €/ud",,Perfumería e Higiene,Higiene íntima,Toallitas y geles íntimos,https://static.carrefour.es/hd_510x_/img_pim_food/298568_00_1.jpg
https://www.carrefour.es/supermercado/postre-lacteo-melocoton-y-platano-desde-6-meses-nestle-yogolino-sin-gluten-y-sin-azucar-anadido-pack-de-4-unidades-de-100-g/R-fprod1180164/p,Postre lácteo melocotón y plátano desde 6 meses Nestlé Yogolino sin gluten y sin azúcar añadido pack de 4 unidades de 100 g.,"3,25 €",,"8,12 €/kg",,Bebé,Alimentación infantil,"Postres, Zumos, Petit y Yogures Infantiles",https://static.carrefour.es/hd_510x_/img_pim_food/220349_00_1.jpg
https://www.carrefour.es/supermercado/arepa-de-maiz-blanco-goya-450-g/R-prod73886/p,Arepa de maíz blanco Goya 450 g.,"3,19 €",,"7,09 €/kg",,Congelados,Rebozados y Platos Preparados,,https://static.carrefour.es/hd_510x_/img_pim_food/959717_00_1.jpg
https://www.carrefour.es/supermercado/aceite-de-oliva-virgen-extra-hojiblanca-carrefour-1-l/R-520660297/p,Aceite de oliva virgen extra hojiblanca Carrefour 1 l.,"10,15 €",,"10,15 €/l",,La Despensa,Alimentación,Aceites y vinagres,https://static.carrefour.es/hd_510x_/img_pim_food/798307_00_1.jpg
https://www.carrefour.es/supermercado/lenteja-pardina-categoria-extra-carrefour-1-kg/R-616401946/p,Lenteja pardina categoría extra Carrefour 1 kg.,"2,15 €",,"2,15 €/kg",,La Despensa,Alimentación,Legumbres,https://static.carrefour.es/hd_510x_/img_pim_food/645734_00_1.jpg
https://www.carrefour.es/supermercado/detergente-en-capsulas-alpes-todo-en-uno-pods-ariel-63-lavados/R-VC4AECOMM-309077/p,Detergente en cápsulas alpes Todo en Uno Pods Ariel 63 lavados.,"30,70 €",,"0,49 €/lavado",,Limpieza y Hogar,Cuidado de la Ropa,Detergentes,https://static.carrefour.es/hd_510x_/img_pim_food/309077_00_1.jpg
https://www.carrefour.es/supermercado/yogur-de-proteinas-liquido-desnatado-sabor-platano-carrefour-sensation-sin-gluten-y-sin-azucar-anadido-400-g/R-VC4AECOMM-178667/p,Yogur de proteínas liquido desnatado sabor plátano Carrefour Sensation sin gluten y sin azúcar añadido 400 g.,"1,95 €",,"4,87 €/kg",,La Despensa,Yogures y Postres,Proteína,https://static.carrefour.es/hd_510x_/img_pim_food/178667_00_1.jpg
https://www.carrefour.es/supermercado/agua-de-perfume-noche-de-verano-les-cosmetiques-poesia/R-VC4AECOMM-602196/p,Agua de Perfume noche de verano Les Cosmetiques Poesía,"6,75 €",,"6,75 €/100ml",,Perfumería e Higiene,Baño e Higiene Corporal,Colonias,https://static.carrefour.es/hd_510x_/img_pim_food/602196_00_1.jpg
https://www.carrefour.es/supermercado/galletas-de-avena-sin-azucar-anadido-avenacol-cuetara-250-g/R-VC4AECOMM-097917/p,Galletas de avena sin azúcar añadido Avenacol Cuétara 250 g.,"3,99 €",,"15,96 €/kg",,La Despensa,Desayuno,Galletas,https://static.carrefour.es/hd_510x_/img_pim_food/097917_00_1.jpg
https://www.carrefour.es/supermercado/batido-de-cacao-cacaolat-sin-gluten-pack-de-6-briks-de-200-ml/R-701501302/p,Batido de cacao Cacaolat sin gluten pack de 6 briks de 200 ml.,"3,95 €",,"3,29 €/l",,La Despensa,Lácteos,Batidos y Horchatas,https://static.carrefour.es/hd_510x_/img_pim_food/399877_00_1.jpg
https://www.carrefour.es/supermercado/pizza-4-quesos-carrefour-400-g/R-521030213/p,Pizza 4 quesos Carrefour 400 g.,"2,69 €",,"6,72 €/kg",,La Despensa,"Conservas, Sopas y Precocinados",Pizzas,https://static.carrefour.es/hd_510x_/img_pim_food/266914_00_1.jpg
https://www.carrefour.es/supermercado/frambuesas-carrefour-classic-500-g/R-VC4AECOMM-025028/p,Frambuesas Carrefour Classic´ 500 g.,"4,39 €",,"8,78 €/kg",,Congelados,Helados,Frutas heladas,https://static.carrefour.es/hd_510x_/img_pim_food/025028_00_1.jpg
https://www.carrefour.es/supermercado/salmorejo-fresco-garcia-millan-1-l/R-prod1170073/p,Salmorejo fresco García Millán 1 l.,"4,15 €",,"4,15 €/l",,La Despensa,"Conservas, Sopas y Precocinados",Gazpacho y Salmorejo,https://static.carrefour.es/hd_510x_/img_pim_food/214148_00_1.jpg
https://www.carrefour.es/supermercado/bebida-de-fruta-melocoton-sin-azucar-anadido-juver-disfruta-pack-de-6-brik-de-20-cl/R-520660862/p,Bebida de fruta melocotón sin azúcar añadido Juver-disfruta pack de 6 brik de 20 cl.,"3,15 €",,"2,62 €/l",,Bebidas,Aguas y Zumos,Zumos no Refrigerados,https://static.carrefour.es/hd_510x_/img_pim_food/383300_00_1.jpg
https://www.carrefour.es/supermercado/helado-de-galletas-y-crema-haagen-dazs-460-ml/R-prod1000103/p,Helado de galletas y crema Häagen Dazs 460 ml.,"7,25 €",,"18,78 €/kg",,,,,https://static.carrefour.es/hd_510x_/img_pim_food/075671_00_1.jpg
https://www.carrefour.es/supermercado/coquina-250-g/R-fprod1480194/p,Coquina 250 g,"4,39 €",,"17,56 €/kg",,Congelados,Mariscos Congelados,,https://static.carrefour.es/hd_510x_/img_pim_food/413209_00_1.jpg
https://www.carrefour.es/supermercado/gamba-cruda-pequena-pelada-pescatrade-400-g/R-821300438/p,Gamba cruda pequeña pelada Pescatrade 400 g,"6,99 €",,"17,47 €/kg",,Congelados,Mariscos Congelados,,https://static.carrefour.es/hd_510x_/img_pim_food/705088_00_1.jpg
https://www.carrefour.es/supermercado/crema-de-champinones-gallina-blanca-62-g/R-521005760/p,Crema de champiñones Gallina Blanca 62 g.,"0,92 €",,"14,84 €/kg",,La Despensa,"Conservas, Sopas y Precocinados","Caldos, Sopas y Pure",https://static.carrefour.es/hd_510x_/img_pim_food/002328_00_1.jpg
https://www.carrefour.es/supermercado/tinte-color-natural-cubrecanas-sin-amoniaco-n-5-castano-carrefour-men-1-ud/R-VC4AECOMM-110663/p,Tinte color natural cubrecanas sin amoniaco nº 5 castaño Carrefour Men 1 ud.,"4,99 €",,"4,99 €/ud",,Perfumería e Higiene,Cabello,Tinte,https://static.carrefour.es/hd_510x_/img_pim_food/110663_00_1.jpg
https://www.carrefour.es/supermercado/apositos-impermeables-carrefour-soft-20-ud/R-VC4AECOMM-147843/p,Apósitos impermeables Carrefour Soft 20 ud.,"2,19 €",,"0,11 €/ud",,Parafarmacia,Botiquín,Apósitos y Gasas,https://static.carrefour.es/hd_510x_/img_pim_food/147843_00_1.jpg
https://www.carrefour.es/supermercado/salsa-poke-kikkoman-botella-250-ml/R-VC4AECOMM-046955/p,Salsa poke Kikkoman botella 250 ml.,"7,19 €",,"28,76 €/l",,La Despensa,Alimentación,Salsas y Tomate Frito,https://static.carrefour.es/hd_510x_/img_pim_food/046955_00_1.jpg
https://www.carrefour.es/supermercado/pan-rebanado-hogaza-500-g/R-VC4AECOMM-503317/p,Pan rebanado hogaza 500 g,"1,99 €",,"3,98 €/kg",,Productos Frescos,Panadería Tradicional,Pan Tradicional,https://static.carrefour.es/hd_510x_/img_pim_food/503317_00_1.jpg
https://www.carrefour.es/supermercado/leche-entera-central-lechera-asturiana-brik-1-l/R-521006994/p,Leche entera Central Lechera Asturiana brik 1 l.,"1,16 €","1,11 €","1,16 €/l
- 6,96 €/6 uds.","1,11 €/l
- 6,66 €/6 uds.",La Despensa,Lácteos,Leche,https://static.carrefour.es/hd_510x_/img_pim_food/002883_00_1.jpg
https://www.carrefour.es/supermercado/cola-de-caballo-plus-3-en-bolsitas-pompadour-20-ud/R-591401509/p,Cola de caballo plus 3 en bolsitas Pompadour 20 ud.,"2,95 €",,"73,75 €/kg",,La Despensa,Desayuno,Infusiones y Tés,https://static.carrefour.es/hd_510x_/img_pim_food/341512_00_1.jpg
https://www.carrefour.es/supermercado/vino-tinto-madurado-6-meses-en-bodega-carrizal-doca-rioja-75-cl/R-795768691/p,Vino tinto madurado 6 meses en bodega Carrizal D.O.Ca Rioja 75 cl.,"5,19 €",,"5,19 €/ud",,Bebidas,Vinos,Tinto,https://static.carrefour.es/hd_510x_/img_pim_food/895526_00_1.jpg
https://www.carrefour.es/supermercado/melocoton-en-almibar-ligero-classic-carrefour-235-g/R-VC4AECOMM-418468/p,Melocotón en almibar ligero Classic Carrefour 235 g.,"1,37 €",,"5,83 €/kg",,La Despensa,"Conservas, Sopas y Precocinados",Conservas de Frutas,https://static.carrefour.es/hd_510x_/img_pim_food/418468_00_1.jpg
https://www.carrefour.es/supermercado/san-jacobo-empanado-carrefour-el-mercado-340-g/R-VC4AECOMM-249602/p,San Jacobo empanado Carrefour El Mercado 340 g,"1,85 €",,"1,85 €/ud",,Productos Frescos,Carnicería,Empanados,https://static.carrefour.es/hd_510x_/img_pim_food/249602_00_1.jpg
https://www.carrefour.es/supermercado/bizcochos-chocolate-con-leche-cakechoc-milka-175-g/R-VC4AECOMM-246106/p,Bizcochos chocolate con leche Cake&Choc Milka 175 g.,"3,25 €",,"18,57 €/kg",,La Despensa,"Panaderia, Bollería y Pastelería",Bollería,https://static.carrefour.es/hd_510x_/img_pim_food/246106_00_1.jpg
https://www.carrefour.es/supermercado/gel-de-ducha-hidratante-mango-y-fruta-de-la-pasion-carrefour-soft-750-ml/R-VC4AECOMM-145748/p,Gel de ducha hidratante mango y fruta de la pasión Carrefour Soft 750 ml.,"1,39 €",,"0,19 €/100ml",,Perfumería e Higiene,Baño e Higiene Corporal,Geles de Baño,https://static.carrefour.es/hd_510x_/img_pim_food/145748_00_1.jpg
https://www.carrefour.es/supermercado/vino-rosado-ramon-bilbao-doca-rioja-75-cl/R-714602715/p,Ramon Bilbao 2022,"8,05 €",,"8,05 €/ud",,Bebidas,Vinos,Rosado,https://static.carrefour.es/hd_510x_/img_pim_food/467228_00_1.jpg
https://www.carrefour.es/supermercado/champu-sedoso-y-brillante-reparador-con-biotina-y-keratina-pantene-pro-v-miracles-250-ml/R-VC4AECOMM-312402/p,Champú sedoso y brillante reparador con biotina y keratina Pantene Pro-V Miracles 250 ml.,"5,65 €",,"2,26 €/100ml",,Perfumería e Higiene,Cabello,Champús,https://static.carrefour.es/hd_510x_/img_pim_food/312402_00_1.jpg
https://www.carrefour.es/supermercado/salsa-pimienta-verde-gallina-blanca-50-g/R-521005257/p,Salsa pimienta verde Gallina Blanca 50 g.,"2,25 €",,"45,00 €/kg",,La Despensa,Alimentación,Salsas y Tomate Frito,https://static.carrefour.es/hd_510x_/img_pim_food/002250_00_1.jpg
https://www.carrefour.es/supermercado/panales-dodot-bebe-seco-t3-6-10-kg-84-ud/R-526501612/p,Pañales Dodot bebé-seco T3 (6-10 kg) 84 ud.,"23,90 €",,"0,28 €/ud",,Bebé,Pañales y Toallitas,Pañales Dodot,https://static.carrefour.es/hd_510x_/img_pim_food/799272_00_1.jpg
https://www.carrefour.es/supermercado/yogur-con-copos-de-maiz-cubiertos-de-chocolate-danone-102-g/R-VC4AECOMM-500475/p,Yogur con copos de maíz cubiertos de chocolate Danone 102 g.,"0,69 €",,"6,76 €/kg",,La Despensa,Yogures y Postres,Yogur Natural y Sabores,https://static.carrefour.es/hd_510x_/img_pim_food/500475_00_1.jpg
https://www.carrefour.es/supermercado/champu-johnsons-baby-500-ml/R-prod1120453/p,Champú Johnson's Baby 500 ml.,"4,79 €",,"0,96 €/100ml",,Bebé,Perfumería e Higiene,Champú,https://static.carrefour.es/hd_510x_/img_pim_food/167836_00_1.jpg
https://www.carrefour.es/supermercado/gel-de-ducha-neutro-hidratante-sanex-600-ml/R-VC4AECOMM-473694/p,Gel de ducha neutro hidratante Sanex 600 ml.,"3,79 €",,"0,63 €/100ml",,Perfumería e Higiene,Baño e Higiene Corporal,Geles de Baño,https://static.carrefour.es/hd_510x_/img_pim_food/473694_00_1.jpg
https://www.carrefour.es/supermercado/galletas-integrales-100-family-biscuits-400-g/R-VC4AECOMM-371825/p,Galletas integrales 100% Family biscuits 400 g.,"2,15 €",,"5,37 €/kg",,La Despensa,Desayuno,Galletas,https://static.carrefour.es/hd_510x_/img_pim_food/371825_00_1.jpg
https://www.carrefour.es/supermercado/pizza-de-atun-carrefour-350-g/R-prod590834/p,Pizza de atún Carrefour 350 g.,"2,06 €",,"5,89 €/kg",,Congelados,Pizzas Congeladas,,https://static.carrefour.es/hd_510x_/img_pim_food/840568_00_1.jpg
https://www.carrefour.es/supermercado/solomillo-de-pollo-marinado-al-ajillo-coren-300-g-aprox/R-790114287/p,Solomillo de Pollo Marinado al Ajillo Coren 300 g aprox,"2,97 €",,"9,90 €/kg",,Productos Frescos,Carnicería,Aves y Pollo,https://static.carrefour.es/hd_510x_/img_pim_food/886081_00_1.jpg
https://www.carrefour.es/supermercado/pulpa-de-tomate-ecologico-pedro-luis-660-g/R-prod720016/p,Pulpa de tomate ecológico Pedro Luis 660 g.,"4,15 €",,"6,29 €/kg",,La Despensa,"Conservas, Sopas y Precocinados",Conservas de Tomate,https://static.carrefour.es/hd_510x_/img_pim_food/851298_00_1.jpg
https://www.carrefour.es/supermercado/gel-de-ducha-fresa-y-nata-tulipan-negro-650-ml/R-prod60449/p,Gel de ducha fresa y nata Tulipán Negro 650 ml.,"1,99 €",,"0,31 €/100ml",,Perfumería e Higiene,Baño e Higiene Corporal,Geles de Baño,https://static.carrefour.es/hd_510x_/img_pim_food/933032_00_1.jpg
https://www.carrefour.es/supermercado/batido-de-proteinas-sabor-a-helado-de-fresa-valio-sin-lactosa-250-ml/R-VC4AECOMM-437824/p,Batido de proteínas sabor a helado de fresa Valio sin lactosa 250 ml.,"2,45 €",,"9,80 €/l",,La Despensa,Lácteos,Batidos y Horchatas,https://static.carrefour.es/hd_510x_/img_pim_food/437824_00_1.jpg
https://www.carrefour.es/supermercado/crema-de-queso-semicurado-president-125-g/R-521030681/p,Crema de queso semicurado Président 125 g.,"1,92 €",,"15,36 €/kg",,Productos Frescos,Quesos,Crema de queso,https://static.carrefour.es/hd_510x_/img_pim_food/568842_00_1.jpg
https://www.carrefour.es/supermercado/tiramisu-carrefour-original-pack-de-2-unidades-de-80-g/R-521029941/p,Tiramisú Carrefour Original pack de 2 unidades de 80 g.,"1,22 €",,"7,62 €/kg",,La Despensa,Yogures y Postres,Otros Postres,https://static.carrefour.es/hd_510x_/img_pim_food/698901_00_1.jpg
https://www.carrefour.es/supermercado/gel-de-manos-hidroalcoholico-perfume-limon-carrefour-soft-100-ml/R-521014459/p,Gel de manos hidroalcohólico perfume limón Carrefour Soft 100 ml.,"0,99 €",,"0,99 €/100ml",,Parafarmacia,Botiquín,Geles hidroalcohólicos,https://static.carrefour.es/hd_510x_/img_pim_food/582775_00_1.jpg
https://www.carrefour.es/supermercado/salmon-natural-alto-en-proteina-frinsa-120-g/R-VC4AECOMM-206256/p,Salmón natural alto en proteína Frinsa 120 g.,"6,59 €",,"54,92 €/kg",,La Despensa,"Conservas, Sopas y Precocinados",Conservas de Pescado y Marisco,https://static.carrefour.es/hd_510x_/img_pim_food/206256_00_1.jpg
https://www.carrefour.es/supermercado/gel-de-bano-urea-instituto-espanol-1250-ml/R-800766432/p,Gel de baño urea Instituto Español 1250 ml.,"2,89 €",,"0,23 €/100ml",,Perfumería e Higiene,Baño e Higiene Corporal,Geles de Baño,https://static.carrefour.es/hd_510x_/img_pim_food/905570_00_1.jpg
https://www.carrefour.es/supermercado/tonico-facial-dermatoclean-eucerin-200-ml/R-VC4AECOMM-548279/p,Tónico facial DermatoClean Eucerin 200 ml.,"13,59 €",,"6,79 €/100ml",,Parafarmacia,Cuidado e higiene facial,Tónicos y Lociones,https://static.carrefour.es/hd_510x_/img_pim_food/548279_00_1.jpg
https://www.carrefour.es/supermercado/patatas-golden-long-mccain-1-kg/R-530014441/p,Patatas Golden Long McCain 1 kg.,"3,97 €",,"3,97 €/kg",,Congelados,Salteados Congelados,,https://static.carrefour.es/hd_510x_/img_pim_food/216058_00_1.jpg
https://www.carrefour.es/supermercado/ambientador-automatico-freshmatic-fragancia-lavanda-y-camomila-recambio-air-wick-1-ud/R-522714286/p,Ambientador automático Freshmatic fragancia lavanda y camomila recambio Air Wick 1 ud.,"6,55 €",,"6,55 €/ud",,Limpieza y Hogar,Ambientadores,Automáticos,https://static.carrefour.es/hd_510x_/img_pim_food/572589_00_1.jpg
https://www.carrefour.es/supermercado/arandanos-deshidratados-granel-300-g-aprox/R-VC4AECOMM-035034/p,Arándanos deshidratados granel 300 g aprox,"3,90 €",,"12,99 €/kg",,La Despensa,Aperitivos,Frutas Desecadas,https://static.carrefour.es/hd_510x_/img_pim_food/035034_00_1.jpg
https://www.carrefour.es/supermercado/alas-de-pollo-sin-puntas-ecologicas-carrefour-bio-550-g-aprox/R-fprod1310072/p,Alas de pollo sin puntas ecológicas Carrefour Bio 550 g aprox,"7,67 €",,"13,95 €/kg",,Productos Frescos,Carnicería,Aves y Pollo,https://static.carrefour.es/hd_510x_/img_pim_food/333864_00_1.jpg
https://www.carrefour.es/supermercado/tapones-oido-de-cera-moldeable-ototap-6-ud/R-619902597/p,Tapones oído de cera moldeable Ototap 6 ud.,"3,65 €",,"0,61 €/ud",,Parafarmacia,Botiquín,Oído y Protectores,https://static.carrefour.es/hd_510x_/img_pim_food/689152_00_1.jpg
https://www.carrefour.es/supermercado/cafe-en-grano-natural-espresso-intenso-caffe-borbone-1000-g/R-VC4AECOMM-170141/p,Café en grano natural espresso intenso Caffè Borbone 1000 g.,"20,40 €",,"20,40 €/kg",,La Despensa,Desayuno,Cafés,https://static.carrefour.es/hd_510x_/img_pim_food/170141_00_1.jpg
https://www.carrefour.es/supermercado/tinte-creme-n-1-negro-loreal-excellence-1-ud/R-520663537/p,Tinte creme nº 1 Negro L'Oréal Excellence 1 ud.,"8,89 €",,"8,89 €/ud",,Perfumería e Higiene,Cabello,Tinte,https://static.carrefour.es/hd_510x_/img_pim_food/000952_00_1.jpg
https://www.carrefour.es/supermercado/vino-tinto-envejecido-roble-tempranillo-la-planta-do-ribera-del-duero-75-cl/R-654802095/p,La Planta Tinto 2023,"9,25 €",,"9,25 €/ud",,Bebidas,Vinos,Tinto,https://static.carrefour.es/hd_510x_/img_pim_food/646295_00_1.jpg
https://www.carrefour.es/supermercado/pony-malta-botella-33-cl/R-618405701/p,Pony Malta botella 33 cl.,"1,84 €",,"5,58 €/l",,Bebidas,Refrescos,Sabores con Gas,https://static.carrefour.es/hd_510x_/img_pim_food/792365_00_1.jpg
https://www.carrefour.es/supermercado/pizza-pepperoni-con-salsa-diavolo-picante-pizza-salsa-campofrio-345-g/R-835604862/p,Pizza pepperoni con salsa diávolo picante Pizza & Salsa Campofrío 345 g.,"2,95 €",,"8,55 €/kg",,La Despensa,"Conservas, Sopas y Precocinados",Pizzas,https://static.carrefour.es/hd_510x_/img_pim_food/972450_00_1.jpg
https://www.carrefour.es/supermercado/mascarilla-capilar-protectora-para-cabello-tenido-o-con-mechas-elvive-color-vive-loreal-paris-300-ml/R-583901525/p,Mascarilla capilar protectora para cabello teñido o con mechas Elvive Color Vive L'Oréal Paris 300 ml.,"4,50 €",,"1,45 €/100ml",,Perfumería e Higiene,Cabello,Cuidado y Tratamientos del cabello,https://static.carrefour.es/hd_510x_/img_pim_food/300395_00_1.jpg
https://www.carrefour.es/supermercado/chicles-de-hierbabuena-orbit-white-sin-azucar-64-g/R-prod731078/p,Chicles de hierbabuena Orbit White sin azúcar 64 g.,"3,99 €",,"62,34 €/kg",,,,,https://static.carrefour.es/hd_510x_/img_pim_food/856120_00_1.jpg
https://www.carrefour.es/supermercado/cepillo-de-unas-doble-cara-carrefour/R-527031092/p,Cepillo de Uñas Doble Cara CARREFOUR,"0,99 €",,"0,99 €/ud",,Limpieza y Hogar,Utensilios de Limpieza,Otros útiles,https://static.carrefour.es/hd_510x_/img_pim_food/475834_00_1.jpg
https://www.carrefour.es/supermercado/nectar-de-maracuya-carrefour-classic-brik-1-l/R-780686960/p,Néctar de maracuya Carrefour Classic brik 1 l.,"1,26 €",,"1,26 €/l",,Bebidas,Aguas y Zumos,Zumos no Refrigerados,https://static.carrefour.es/hd_510x_/img_pim_food/865489_00_1.jpg
https://www.carrefour.es/supermercado/mantequilla-facil-de-untar-82-mg-sin-sal-carrefour-250-g/R-871004960/p,Mantequilla fácil de untar 82% MG sin sal Carrefour 250 g.,"3,59 €",,"14,36 €/kg",,La Despensa,Lácteos,Mantequillas y Margarinas,https://static.carrefour.es/hd_510x_/img_pim_food/182147_00_1.jpg
https://www.carrefour.es/supermercado/mermelada-de-frambuesa-la-vieja-fabrica-sin-gluten-350-g/R-522713746/p,Mermelada de frambuesa La Vieja Fábrica sin gluten 350 g.,"3,25 €",,"9,29 €/kg",,La Despensa,Dulce,"Mermeladas, Membrillos y Compotas",https://static.carrefour.es/hd_510x_/img_pim_food/032498_00_1.jpg
https://www.carrefour.es/supermercado/suero-fisiologico-adulto-carrefour-soft-pack-de-30-unidades-de-5-ml/R-VC4AECOMM-262143/p,Suero fisiológico adulto Carrefour Soft pack de 30 unidades de 5 ml.,"3,25 €",,"2,17 €/100ml",,Parafarmacia,Botiquín,Lentillas y Sueros,https://static.carrefour.es/hd_510x_/img_pim_food/262143_00_1.jpg
https://www.carrefour.es/supermercado/desinfectante-textil-sanicentro-1-l/R-VC4AECOMM-436289/p,Desinfectante textil Sanicentro 1 l.,"3,59 €",,"3,59 €/l",,Limpieza y Hogar,Cuidado de la Ropa,Aditivos y quitamanchas,https://static.carrefour.es/hd_510x_/img_pim_food/436289_00_1.jpg
https://www.carrefour.es/supermercado/salsa-guacamole-sensation-carrefour-300-g/R-VC4AECOMM-696541/p,Salsa guacamole Sensation Carrefour 300 g.,"2,35 €",,"7,83 €/kg",,La Despensa,Alimentación,Salsas y Tomate Frito,https://static.carrefour.es/hd_510x_/img_pim_food/696541_00_1.jpg
https://www.carrefour.es/supermercado/agua-de-peinado-nelly-200-ml/R-782512657/p,Agua de peinado Nelly 200 ml.,"3,35 €",,"1,67 €/100ml",,Perfumería e Higiene,Cabello,Cuidado y Tratamientos del cabello,https://static.carrefour.es/hd_510x_/img_pim_food/868183_00_1.jpg
https://www.carrefour.es/supermercado/arroz-con-leche-carrefour-pack-de-4-unidades-de-115-g/R-VC4AECOMM-347619/p,Arroz con leche Carrefour pack de 4 unidades de 115 g.,"1,70 €",,"3,70 €/kg",,La Despensa,Yogures y Postres,Otros Postres,https://static.carrefour.es/hd_510x_/img_pim_food/347619_00_1.jpg
https://www.carrefour.es/supermercado/bonito-del-norte-al-natural-carrefour-74-g/R-VC4AECOMM-542017/p,Bonito del Norte al natural Carrefour 74 g.,"1,95 €",,"26,35 €/kg",,La Despensa,"Conservas, Sopas y Precocinados",Conservas de Pescado y Marisco,https://static.carrefour.es/hd_510x_/img_pim_food/542017_00_1.jpg
https://www.carrefour.es/supermercado/mascarilla-capilar-sin-aclarado-ultranutritiva-con-aceite-de-oliva-les-cosmetiques-nectar-of-beauty-200-ml/R-856600380/p,Mascarilla capilar sin aclarado ultranutritiva con aceite de oliva Les Cosmétiques Nectar of Beauty 200 ml.,"2,95 €",,"1,47 €/100ml",,Perfumería e Higiene,Cabello,Cuidado y Tratamientos del cabello,https://static.carrefour.es/hd_510x_/img_pim_food/091786_00_1.jpg
https://www.carrefour.es/supermercado/leche-desnatada-central-lechera-asturiana-brik-1-l/R-521007089/p,Leche desnatada Central Lechera Asturiana brik 1 l.,"1,07 €","1,02 €","1,07 €/l
- 6,42 €/6 uds.","1,02 €/l
- 6,12 €/6 uds.",La Despensa,Lácteos,Leche,https://static.carrefour.es/hd_510x_/img_pim_food/020275_00_1.jpg
https://www.carrefour.es/supermercado/caldo-clasico-ramen-itsu-brik-500-ml/R-VC4AECOMM-177092/p,Caldo clásico Ramen itsu brik 500 ml.,"3,25 €",,"6,50 €/l",,La Despensa,"Conservas, Sopas y Precocinados","Caldos, Sopas y Pure",https://static.carrefour.es/hd_510x_/img_pim_food/177092_00_1.jpg
https://www.carrefour.es/supermercado/crema-adhesiva-para-protesis-dentales-sabor-neutro-pro-kukident-70-g/R-590505124/p,Crema adhesiva para prótesis dentales sabor neutro Pro Kukident 70 g.,"14,09 €",,"20,13 €/100g",,Parafarmacia,Higiene Bucal,Cuidado y Fijación Prótesis Dentales,https://static.carrefour.es/hd_510x_/img_pim_food/281556_00_1.jpg
https://www.carrefour.es/supermercado/limpiador-desinfectante-las-3-brujas-1-l/R-814144330/p,Limpiador desinfectante Las 3 Brujas 1 l.,"3,49 €",,"3,49 €/l",,Limpieza y Hogar,Productos para Baño,Limpiadores Baño,https://static.carrefour.es/hd_510x_/img_pim_food/472136_00_1.jpg
https://www.carrefour.es/supermercado/caramelos-sabor-frutos-rojos-smint-pack-2-unidades-de-35-g/R-prod251205/p,Caramelos sabor frutos rojos Smint pack 2 unidades de 35 g.,"4,05 €",,"57,86 €/kg",,La Despensa,Dulce,Dulces y Golosinas,https://static.carrefour.es/hd_510x_/img_pim_food/977187_00_1.jpg
https://www.carrefour.es/supermercado/bombon-helado-de-galleta-caramelizada-lotus-biscoff-3-ud/R-VC4AECOMM-529378/p,Bombón helado de galleta caramelizada Lotus Biscoff 3 ud.,"4,49 €",,"1,50 €/ud",,Congelados,Helados,Bombón Helado,https://static.carrefour.es/hd_510x_/img_pim_food/529378_00_1.jpg
https://www.carrefour.es/supermercado/snack-dental-para-perro-adulto-toy-ultima-70-g/R-794633456/p,Snack dental para perro adulto toy Ultima 70 g.,"1,95 €",,"27,86 €/kg",,Mascotas,Perros,"Premios, Snacks y Huesos",https://static.carrefour.es/hd_510x_/img_pim_food/762507_00_1.jpg
https://www.carrefour.es/supermercado/croquetas-de-bogavante-carrefour-el-mercado-300-g/R-VC4AECOMM-127316/p,Croquetas de Bogavante Carrefour El Mercado 300 g,"3,95 €","3,50 €","13,17 €/kg","11,67 €/kg",Productos Frescos,Pescadería,Preparados y elaborados de Pescado y Marisco,https://static.carrefour.es/hd_510x_/img_pim_food/127316_00_1.jpg
https://www.carrefour.es/supermercado/collar-con-cascabeles-decorado-para-gato-vitakraft-1-ud/R-553301795/p,Collar con cascabeles decorado para gato Vitakraft 1 ud.,"2,59 €",,"2,59 €/ud",,Mascotas,Gatos,Accesorios e Higiene,https://static.carrefour.es/hd_510x_/img_pim_food/259079_00_1.jpg
https://www.carrefour.es/supermercado/plumero-atrapapolvo-carrefour-10-ud/R-521001953/p,Plumero atrapapolvo Carrefour 10 ud.,"4,09 €",,"0,41 €/ud",,Limpieza y Hogar,Productos para toda la casa,Limpia Muebles,https://static.carrefour.es/hd_510x_/img_pim_food/735014_00_1.jpg
https://www.carrefour.es/supermercado/mini-alubias-con-verduras-luengo-400-g/R-791826288/p,Mini alubias con verduras Luengo 400 g.,"1,57 €",,"3,92 €/kg",,La Despensa,"Conservas, Sopas y Precocinados",Platos Preparados,https://static.carrefour.es/hd_510x_/img_pim_food/887984_00_1.jpg
https://www.carrefour.es/supermercado/lasana-bolonesa-gratinada-carrefour-el-mercado-700-g/R-VC4AECOMM-554200/p,Lasaña boloñesa gratinada Carrefour el Mercado 700 g,"4,60 €",,"6,57 €/kg",,Productos Frescos,Platos Preparados Cocinados,Pastas y Pizzas,https://static.carrefour.es/hd_510x_/img_pim_food/554200_00_1.jpg
https://www.carrefour.es/supermercado/bifidus-cremoso-stracciatella-danone-activia-sin-gluten-pack-de-4-unidades-de-115-g/R-VC4AECOMM-100503/p,Bífidus cremoso stracciatella Danone Activia sin gluten pack de 4 unidades de 115 g.,"1,98 €",,"4,30 €/kg",,La Despensa,Yogures y Postres,Bífidus,https://static.carrefour.es/hd_510x_/img_pim_food/100503_00_1.jpg
https://www.carrefour.es/supermercado/ron-cacique-anejo-superior-1-l/R-521015509/p,Ron Cacique Añejo Superior 1 l.,"19,59 €",,"19,59 €/l",,Bebidas,Alcoholes,Ron,https://static.carrefour.es/hd_510x_/img_pim_food/648161_00_1.jpg
https://www.carrefour.es/supermercado/salchichas-bockwurst-carrefour-sin-gluten-sin-lactosa-540-g/R-624703515/p,Salchichas bockwurst Carrefour sin gluten sin lactosa 540 g.,"5,29 €",,"9,80 €/kg",,Productos Frescos,Charcutería,Salchichas,https://static.carrefour.es/hd_510x_/img_pim_food/307813_00_1.jpg
https://www.carrefour.es/supermercado/sazonador-triguisar-el-rey-70-g/R-590216229/p,Sazonador Triguisar El Rey 70 g.,"2,25 €",,"32,14 €/kg",,La Despensa,Alimentación,Especias y Sazonadores,https://static.carrefour.es/hd_510x_/img_pim_food/793827_00_1.jpg
https://www.carrefour.es/supermercado/barritas-de-chocolate-rellenas-de-caramelo-6-ud/R-804032113/p,Barritas de chocolate rellenas de caramelo 6 ud.,"1,83 €",,"7,63 €/kg",,La Despensa,Dulce,Bombones y Chocolates,https://static.carrefour.es/hd_510x_/img_pim_food/914165_00_1.jpg
https://www.carrefour.es/supermercado/cocktail-de-frutos-secos-san-blas-sin-gluten-2-kg/R-793601164/p,Cocktail de frutos secos San Blas sin gluten 2 kg.,"7,95 €",,"3,97 €/kg",,La Despensa,Aperitivos,Frutos Secos,https://static.carrefour.es/hd_510x_/img_pim_food/062115_00_1.jpg
https://www.carrefour.es/supermercado/lejia-hogar-con-detergente-frescor-azul-estrella-287-l/R-VC4AECOMM-756789/p,"Lejía hogar con detergente frescor azul Estrella 2,87 l.","6,45 €",,"2,25 €/l",,Limpieza y Hogar,Productos para toda la casa,Lejías y Amoniacos,https://static.carrefour.es/hd_510x_/img_pim_food/756789_00_1.jpg
https://www.carrefour.es/supermercado/2-guantes-flocados-de-latex-carrefour-g-rosa/R-818900240/p,2 Guantes flocados de Látex Carrefour G - Rosa,"1,07 €",,"1,07 €/ud",,Limpieza y Hogar,Utensilios de Limpieza,Guantes,https://static.carrefour.es/hd_510x_/img_pim_food/947067_00_1.jpg
https://www.carrefour.es/supermercado/timbal-de-verduras-en-aceite-extra-carrefour-90-g/R-VC4AECOMM-185698/p,Timbal de verduras en aceite Extra Carrefour 90 g.,"2,25 €",,"25,00 €/l",,La Despensa,"Conservas, Sopas y Precocinados",Conservas de Vegetales,https://static.carrefour.es/hd_510x_/img_pim_food/185698_00_1.jpg
https://www.carrefour.es/supermercado/seta-amanita-deshidratada-bolsa-30-g/R-VC4AECOMM-493349/p,Seta amanita deshidratada bolsa 30 g,"7,80 €",,"260,00 €/kg",,Productos Frescos,Verduras y hortalizas,Hortalizas,https://static.carrefour.es/hd_510x_/img_pim_food/493349_00_1.jpg
https://www.carrefour.es/supermercado/detergente-liquido-frescor-alpino-optimal-clean-carrefour-expert-39-lavados/R-VC4AECOMM-215776/p,Detergente líquido frescor alpino Optimal Clean Carrefour Expert 39 lavados.,"4,79 €",,"0,12 €/lavado",,Limpieza y Hogar,Cuidado de la Ropa,Detergentes,https://static.carrefour.es/hd_510x_/img_pim_food/215776_00_1.jpg
https://www.carrefour.es/supermercado/espigas-de-mijo-para-pajaros-vita-nature-vitakraft-100-g/R-553703596/p,Espigas de mijo para pájaros Vita Nature Vitakraft 100 g,"2,69 €",,"26,90 €/kg",,Mascotas,Pájaros,Pienso para pájaros,https://static.carrefour.es/hd_510x_/img_pim_food/407009_00_1.jpg
https://www.carrefour.es/supermercado/lavavajillas-a-mano-aloe-vera-y-pepino-limpieza-y-cuidado-fairy-650-ml/R-VC4AECOMM-351379/p,Lavavajillas a mano aloe vera y pepino Limpieza y Cuidado Fairy 650 ml.,"3,49 €",,"5,37 €/l",,Limpieza y Hogar,Productos para Cocina,Lavavajillas a Mano,https://static.carrefour.es/hd_510x_/img_pim_food/351379_00_1.jpg
https://www.carrefour.es/supermercado/surtido-de-mazapan-con-medio-bano-de-chocolate-350-g/R-VC4AECOMM-204969/p,Surtido de Mazapán con medio baño de chocolate 350 g,"5,99 €",,"17,11 €/kg",,Productos Frescos,Panadería Tradicional,Bollería Tradicional,https://static.carrefour.es/hd_510x_/img_pim_food/204969_00_1.jpg
https://www.carrefour.es/supermercado/pechuga-de-pollo-asada-en-lonchas-receta-artesana-el-pozo-sin-gluten-y-sin-lactosa-170-g/R-prod271529/p,Pechuga de pollo asada en lonchas Receta Artesana El Pozo sin gluten y sin lactosa 170 g,"3,39 €",,"19,94 €/kg",,Productos Frescos,Charcutería,Fiambre de Pavo y Pollo,https://static.carrefour.es/hd_510x_/img_pim_food/303652_00_1.jpg
https://www.carrefour.es/supermercado/croquetas-de-jamon-serrano-sabrosisimas-la-cocinera-500-g/R-521031340/p,Croquetas de jamón serrano Sabrosísimas La Cocinera 500 g.,"4,75 €",,"9,50 €/kg",,Congelados,Rebozados y Platos Preparados,,https://static.carrefour.es/hd_510x_/img_pim_food/003405_00_1.jpg
https://www.carrefour.es/supermercado/anacardos-fritos-classic-carrefour-sin-sal-anadida-125-g/R-prod72016/p,Anacardos fritos Classic Carrefour sin sal añadida 125 g.,"1,83 €",,"14,64 €/kg",,La Despensa,Aperitivos,Frutos Secos,https://static.carrefour.es/hd_510x_/img_pim_food/798383_00_1.jpg
https://www.carrefour.es/supermercado/tarta-de-chocolate-suprema-850-g/R-VC4AECOMM-720371/p,Tarta de chocolate suprema 850 g,"14,89 €",,"17,52 €/kg",,Productos Frescos,Panadería Tradicional,Pastelería y Repostería,https://static.carrefour.es/hd_510x_/img_pim_food/720371_00_1.jpg
https://www.carrefour.es/supermercado/pizza-vegetal-fina-y-crujiente-forno-di-pietra-buitoni-380-g/R-546501678/p,Pizza vegetal fina y crujiente Forno di Pietra Buitoni 380 g.,"3,65 €",,"9,61 €/kg",,Congelados,Pizzas Congeladas,,https://static.carrefour.es/hd_510x_/img_pim_food/150534_00_1.jpg
https://www.carrefour.es/supermercado/aperitivo-de-maiz-sabor-original-triskys-risi-sin-gluten-135-g/R-VC4AECOMM-203597/p,Aperitivo de maíz sabor original Triskys Risi sin gluten 135 g.,"1,71 €",,"12,67 €/kg",,La Despensa,Aperitivos,Snacks,https://static.carrefour.es/hd_510x_/img_pim_food/203597_00_1.jpg
https://www.carrefour.es/supermercado/fregasuelos-multidesinfeccion-sanicentro-15-l/R-816856500/p,"Fregasuelos multidesinfección Sanicentro 1,5 l.","2,79 €",,"1,86 €/l",,Limpieza y Hogar,Productos para toda la casa,Suelos,https://static.carrefour.es/hd_510x_/img_pim_food/949713_00_1.jpg
https://www.carrefour.es/supermercado/chorizo-asturiano-el-chico-250-g/R-VC4AECOMM-110399/p,Chorizo Asturiano El Chico 250 g,"2,78 €",,"11,12 €/kg",,Productos Frescos,Carnicería,Embutidos Frescos,https://static.carrefour.es/hd_510x_/img_pim_food/110399_00_1.jpg
https://www.carrefour.es/supermercado/salsa-de-soja-kikkoman-botella-1-l/R-521011772/p,Salsa de soja Kikkoman botella 1 l.,"12,89 €",,"12,89 €/l",,La Despensa,Alimentación,Salsas y Tomate Frito,https://static.carrefour.es/hd_510x_/img_pim_food/272470_00_1.jpg
https://www.carrefour.es/supermercado/pienso-de-buey-para-perros-adultos-medianos-y-grandes-brekkies-tenderissimo-25-kg/R-VC4AECOMM-176297/p,"Pienso de buey para perros adultos medianos y grandes Brekkies Tenderissimo 2,5 kg","9,45 €",,"3,78 €/kg",,Mascotas,Perros,Pienso para perros,https://static.carrefour.es/hd_510x_/img_pim_food/176297_00_1.jpg
https://www.carrefour.es/supermercado/croquetas-de-boletus-con-champinones-recetas-artesanas-la-cocinera-400-g/R-VC4AECOMM-108138/p,Croquetas de boletus con champiñones Recetas Artesanas La Cocinera 400 g.,"5,75 €",,"14,37 €/kg",,Congelados,Rebozados y Platos Preparados,,https://static.carrefour.es/hd_510x_/img_pim_food/108138_00_1.jpg
https://www.carrefour.es/supermercado/cerveza-tostada-ambar-export-doble-fermentacion-botella-33-cl/R-665802208/p,Cerveza tostada Ambar Export doble fermentación botella 33 cl.,"1,60 €",,"4,85 €/l",,Bebidas,Cerveza,Todas las Cervezas,https://static.carrefour.es/hd_510x_/img_pim_food/322750_00_1.jpg
https://www.carrefour.es/supermercado/chocolate-negro-72-con-pepitas-de-cacao-tostadas-caramelizadas-carrefour-original-100-g/R-521004098/p,Chocolate negro 72% con pepitas de cacao tostadas caramelizadas Carrefour Original 100 g.,"1,99 €",,"19,90 €/kg",,La Despensa,Dulce,Bombones y Chocolates,https://static.carrefour.es/hd_510x_/img_pim_food/556020_00_1.jpg
https://www.carrefour.es/supermercado/suavizante-concentrado-violeta-campestre-origins-mimosin-95-lavados/R-VC4AECOMM-368009/p,Suavizante concentrado violeta campestre Origins Mimosín 95 lavados.,"5,15 €",,"0,05 €/lavado",,Limpieza y Hogar,Cuidado de la Ropa,Suavizantes,https://static.carrefour.es/hd_510x_/img_pim_food/368009_00_1.jpg
https://www.carrefour.es/supermercado/vino-rosado-protos-clarete-docigales-75-cl/R-VC4AECOMM-625658/p,Protos Seleccion Rosado 2023,"8,19 €",,"8,19 €/ud",,Bebidas,Vinos,Rosado,https://static.carrefour.es/hd_510x_/img_pim_food/625658_00_1.jpg
https://www.carrefour.es/supermercado/cereales-rellenos-con-chocolate-krave-kelloggs-410-g/R-VC4AECOMM-799648/p,Cereales rellenos con chocolate Krave Kellogg's 410 g.,"4,85 €",,"11,83 €/kg",,,,,https://static.carrefour.es/hd_510x_/img_pim_food/799648_00_1.jpg
https://www.carrefour.es/supermercado/natillas-de-vainilla-sin-azucar-anadido-reina-pack-de-4-unidades-de-125-g/R-787714451/p,Natillas de vainilla sin azúcar añadido Reina pack de 4 unidades de 125 g.,"1,89 €",,"3,78 €/kg",,La Despensa,Yogures y Postres,"Natillas, Cremas y Copas",https://static.carrefour.es/hd_510x_/img_pim_food/881515_00_1.jpg
https://www.carrefour.es/supermercado/esparragos-blancos-extra-8-12-carretilla-205-g/R-521006062/p,Espárragos blancos extra 8/12 Carretilla 205 g.,"3,39 €",,"16,54 €/kg",,La Despensa,"Conservas, Sopas y Precocinados",Conservas de Vegetales,https://static.carrefour.es/hd_510x_/img_pim_food/048556_00_1.jpg
https://www.carrefour.es/supermercado/yogur-griego-de-fresa-carrefour-extra-sin-gluten-pack-de-6-unidades-de-125-g/R-VC4AECOMM-628189/p,Yogur griego de fresa Carrefour Extra sin gluten pack de 6 unidades de 125 g.,"1,80 €",,"2,40 €/kg",,La Despensa,Yogures y Postres,Yogures Griegos y Enriquecidos,https://static.carrefour.es/hd_510x_/img_pim_food/628189_00_1.jpg
https://www.carrefour.es/supermercado/tarrito-de-brocoli-y-guisantes-con-pavo-desde-6-meses-ecologico-gerber-sin-gluten-190-g/R-VC4AECOMM-026808/p,Tarrito de brócoli y guisantes con pavo desde 6 meses ecológico Gerber sin gluten 190 g.,"2,39 €",,"12,58 €/kg",,Bebé,Alimentación infantil,Tarritos y Platos Preparados,https://static.carrefour.es/hd_510x_/img_pim_food/026808_00_1.jpg
https://www.carrefour.es/supermercado/patatas-corte-juliana-mccain-600-g/R-VC4AECOMM-437940/p,Patatas corte juliana McCain 600 g,"3,99 €",,"6,65 €/kg",,Congelados,Verduras Congeladas,,https://static.carrefour.es/hd_510x_/img_pim_food/437940_00_1.jpg
https://www.carrefour.es/supermercado/ginger-ale-schweppes-jengibre-intenso-premium-botella-20-cl/R-prod271612/p,Ginger Ale Schweppes jengibre intenso premium botella 20 cl.,"1,91 €",,"9,55 €/l",,Bebidas,Refrescos,Bitter y Ginger Ale,https://static.carrefour.es/hd_510x_/img_pim_food/303731_00_1.jpg
https://www.carrefour.es/supermercado/batido-de-proteinas-sabor-chocolate-sin-azucar-anadido-valio-profeel-260-g/R-prod1090071/p,Batido de proteínas sabor chocolate sin azúcar añadido Valio Profeel 260 g.,"2,29 €",,"8,81 €/kg",,La Despensa,Lácteos,Batidos y Horchatas,https://static.carrefour.es/hd_510x_/img_pim_food/143142_00_1.jpg
https://www.carrefour.es/supermercado/pienso-de-atun-y-salmon-con-verduras-para-gatos-carrefour-4-kg/R-525878190/p,Pienso de atún y salmón con verduras para gatos Carrefour 4 kg,"5,79 €",,"1,45 €/kg",,Mascotas,Gatos,Pienso para gatos,https://static.carrefour.es/hd_510x_/img_pim_food/162748_00_1.jpg
https://www.carrefour.es/supermercado/salchichon-de-bellota-iberica-100-raza-iberica-de-vela-sanchez-romero-carvajal-sin-gluten-200-g/R-VC4AECOMM-606008/p,Salchichón de Bellota Ibérica 100% Raza Ibérica de vela Sánchez Romero Carvajal sin gluten 200 g,"10,09 €",,"50,45 €/kg",,Productos Frescos,Charcutería,"Salchichón, Salami y Fuet",https://static.carrefour.es/hd_510x_/img_pim_food/606008_00_1.jpg
https://www.carrefour.es/supermercado/harina-de-arroz-carrefour-sin-gluten-500-g/R-prod960036/p,Harina de arroz Carrefour sin gluten 500 g.,"1,28 €",,"2,56 €/kg",,La Despensa,Alimentación,Harinas y Levaduras,https://static.carrefour.es/hd_510x_/img_pim_food/049574_00_1.jpg
https://www.carrefour.es/supermercado/filetes-de-anchoa-del-cantabrico-en-aceite-de-oliva-de-nuestra-tierra-53-g/R-521029312/p,Filetes de anchoa del Cantábrico en aceite de oliva De Nuestra Tierra 53 g.,"3,99 €",,"75,28 €/kg",,La Despensa,"Conservas, Sopas y Precocinados",Conservas de Pescado y Marisco,https://static.carrefour.es/hd_510x_/img_pim_food/269041_00_1.jpg
https://www.carrefour.es/supermercado/almendra-largeta-tostada-de-nuestra-tierra-doy-pack-120-g/R-VC4AECOMM-757279/p,Almendra largeta tostada De Nuestra Tierra doy pack 120 g.,"2,95 €",,"24,58 €/kg",,La Despensa,Aperitivos,Frutos Secos,https://static.carrefour.es/hd_510x_/img_pim_food/757279_00_1.jpg
https://www.carrefour.es/supermercado/whisky-cutty-sark-escoces-1-l/R-520662619/p,Whisky Cutty Sark escocés 1 l.,"17,25 €",,"17,25 €/l",,Bebidas,Alcoholes,Whisky y Bourbon,https://static.carrefour.es/hd_510x_/img_pim_food/235448_00_1.jpg
https://www.carrefour.es/supermercado/patatas-fritas-sabor-pollo-al-limon-carrefour-classic-130-g/R-VC4AECOMM-175117/p,Patatas fritas sabor pollo al limón Carrefour Classic' 130 g.,"1,43 €",,"11,00 €/kg",,La Despensa,Aperitivos,Patatas Fritas,https://static.carrefour.es/hd_510x_/img_pim_food/175117_00_1.jpg
https://www.carrefour.es/supermercado/gel-de-ducha-neutro-hidratante-sanex-950-ml/R-VC4AECOMM-473653/p,Gel de ducha neutro hidratante Sanex 950 ml.,"4,29 €",,"0,45 €/100ml",,Perfumería e Higiene,Baño e Higiene Corporal,Geles de Baño,https://static.carrefour.es/hd_510x_/img_pim_food/473653_00_1.jpg
https://www.carrefour.es/supermercado/jamon-cocido-extra-en-lonchas-delizias-noel-sin-gluten-y-sin-lactosa-120-g/R-631306761/p,Jamón cocido extra en lonchas Delizias Noel sin gluten y sin lactosa 120 g,"2,49 €",,"20,75 €/kg",,Productos Frescos,Charcutería,Jamón Cocido y Lacón,https://static.carrefour.es/hd_510x_/img_pim_food/371511_00_1.jpg
https://www.carrefour.es/supermercado/agua-mineral-font-vella-sensacion-con-zumo-de-manzana-125-l/R-520661124/p,"Agua mineral Font Vella Sensación con zumo de manzana 1,25 l.","1,99 €",,"1,59 €/l",,Bebidas,Refrescos,Sabores sin Gas,https://static.carrefour.es/hd_510x_/img_pim_food/631030_00_1.jpg
https://www.carrefour.es/supermercado/chile-en-polvo-con-limon-tajin-142-g/R-789830760/p,Chile en polvo con limón Tajín 142 g.,"3,69 €",,"25,99 €/kg",,La Despensa,Alimentación,Especias y Sazonadores,https://static.carrefour.es/hd_510x_/img_pim_food/885412_00_1.jpg
https://www.carrefour.es/supermercado/agua-mineral-lanjaron-75-cl/R-520661037/p,Agua mineral Lanjarón 75 cl.,"0,99 €",,"1,32 €/l",,Bebidas,Aguas y Zumos,"Agua hasta 0,75 litros",https://static.carrefour.es/hd_510x_/img_pim_food/199008_00_1.jpg
https://www.carrefour.es/supermercado/coco-de-agua-selecta-bio-peso-min-800-g/R-prod69998/p,Coco de agua selecta BIO Peso mín 800 g,"2,03 €",,"2,03 €/ud",,Productos Frescos,Frutas,"Piñas, Kiwis, Aguacates y Tropicales",https://static.carrefour.es/hd_510x_/img_pim_food/985815_00_1.jpg
https://www.carrefour.es/supermercado/tabletas-limpiadoras-para-ortodoncias-y-ferulas-corega-36-ud/R-VC4AECOMM-671015/p,Tabletas limpiadoras para ortodoncias y férulas Corega 36 ud.,"9,49 €",,"0,26 €/ud",,Parafarmacia,Higiene Bucal,Ortodoncia,https://static.carrefour.es/hd_510x_/img_pim_food/671015_00_1.jpg
https://www.carrefour.es/supermercado/galletas-creme-tropical-gullon-1-kg/R-582606317/p,Galletas Creme Tropical Gullón 1 kg.,"4,55 €",,"4,55 €/kg",,,,,https://static.carrefour.es/hd_510x_/img_pim_food/297595_00_1.jpg
https://www.carrefour.es/supermercado/cerveza-mahou-5-estrellas-radler-con-zumo-natural-de-limon-lata-33-cl/R-prod810734/p,Cerveza Mahou 5 Estrellas Radler con zumo natural de limón lata 33 cl.,"0,78 €",,"2,36 €/l",,Bebidas,Cerveza,"Radler, Clara",https://static.carrefour.es/hd_510x_/img_pim_food/226464_00_1.jpg
https://www.carrefour.es/supermercado/chocolate-negro-70-valor-sin-gluten-300-g/R-521004092/p,Chocolate negro 70% Valor sin gluten 300 g.,"5,49 €",,"18,30 €/kg",,La Despensa,Dulce,Bombones y Chocolates,https://static.carrefour.es/hd_510x_/img_pim_food/791192_00_1.jpg
https://www.carrefour.es/supermercado/queso-fundido-en-lonchas-clasico-el-caserio-sin-gluten-262-g/R-VC4AECOMM-500156/p,Queso fundido en lonchas clásico El Caserío sin gluten 262 g.,"2,60 €",,"8,67 €/kg",,Productos Frescos,Quesos,Todos los Quesos,https://static.carrefour.es/hd_510x_/img_pim_food/500156_00_1.jpg
https://www.carrefour.es/supermercado/eneldo-carmencita-15-g/R-521005061/p,Eneldo Carmencita 15 g.,"2,15 €",,"143,33 €/kg",,La Despensa,Alimentación,Especias y Sazonadores,https://static.carrefour.es/hd_510x_/img_pim_food/002168_00_1.jpg
https://www.carrefour.es/supermercado/masa-para-pizza-redonda-finissima-buitoni-230-g/R-VC4AECOMM-361630/p,Masa para pizza redonda Finissima Buitoni 230 g.,"2,15 €",,"9,35 €/kg",,La Despensa,"Panaderia, Bollería y Pastelería",Masa Fresca y Bases,https://static.carrefour.es/hd_510x_/img_pim_food/361630_00_1.jpg
https://www.carrefour.es/supermercado/pasta-plumas-rayadas-al-huevo-carrefour-500-g/R-821300700/p,Pasta plumas rayadas al huevo Carrefour 500 g.,"1,25 €",,"2,50 €/kg",,La Despensa,Alimentación,Pastas,https://static.carrefour.es/hd_510x_/img_pim_food/956035_00_1.jpg
https://www.carrefour.es/supermercado/datil-natural-carrefour-tarrina-300-g/R-prod1070683/p,Dátil natural Carrefour tarrina 300 g,"2,44 €",,"8,13 €/kg",,La Despensa,Aperitivos,Frutas Desecadas,https://static.carrefour.es/hd_510x_/img_pim_food/142097_00_1.jpg
https://www.carrefour.es/supermercado/colorante-permanente-n-499-violin-intensive-color-cream-palette-1-ud/R-600805707/p,Colorante permanente nº 4.99 violín Intensive Color Cream Palette 1 ud.,"4,79 €",,"4,79 €/ud",,Perfumería e Higiene,Cabello,Tinte,https://static.carrefour.es/hd_510x_/img_pim_food/366125_00_1.jpg
https://www.carrefour.es/supermercado/patatas-fritas-lisas-classic-carrefour-350-g/R-711911126/p,Patatas fritas lisas Classic Carrefour 350 g.,"2,29 €",,"6,54 €/kg",,La Despensa,Aperitivos,Patatas Fritas,https://static.carrefour.es/hd_510x_/img_pim_food/432987_00_1.jpg
https://www.carrefour.es/supermercado/queso-azul-cremoso-entremont-125-g/R-VC4AECOMM-683225/p,Queso azul cremoso Entremont 125 g,"3,11 €",,"24,88 €/kg",,Productos Frescos,Quesos,Azules y Roquefort,https://static.carrefour.es/hd_510x_/img_pim_food/683225_00_1.jpg
https://www.carrefour.es/supermercado/lapiz-de-ojos-semi-permanente-waterproof-900-deep-onyx-negro-tattoo-liner-maybelline-1-ud/R-prod1130554/p,Lápiz de ojos semi-permanente waterproof 900 Deep Onyx negro Tattoo Liner Maybelline 1 ud.,"7,09 €",,"7,09 €/ud",,Perfumería e Higiene,Cosmética,Ojos,https://static.carrefour.es/hd_510x_/img_pim_food/187549_00_1.jpg
https://www.carrefour.es/supermercado/refresco-de-cola-pepsi-botella-50-cl/R-590211861/p,Refresco de cola Pepsi botella 50 cl.,"1,42 €",,"2,84 €/l",,Bebidas,Refrescos,Colas,https://static.carrefour.es/hd_510x_/img_pim_food/360453_00_1.jpg
https://www.carrefour.es/supermercado/pasta-fideo-cabellin-ecologico-carrefour-bio-500-g/R-530913232/p,Pasta fideo cabellín ecológico Carrefour Bio 500 g.,"1,41 €",,"2,82 €/kg",,La Despensa,Alimentación,Pastas,https://static.carrefour.es/hd_510x_/img_pim_food/418338_00_1.jpg
https://www.carrefour.es/supermercado/aceite-de-girasol-koipe-sol-1-l/R-531704973/p,Aceite de girasol Koipe Sol 1 l.,"1,83 €",,"1,83 €/l",,La Despensa,Alimentación,Aceites y vinagres,https://static.carrefour.es/hd_510x_/img_pim_food/000020_00_1.jpg
https://www.carrefour.es/supermercado/vaso-limpieza-copa-menstrual-carrefour-soft-1-ud/R-VC4AECOMM-007148/p,Vaso limpieza copa menstrual Carrefour Soft 1 ud.,"8,69 €",,"8,69 €/ud",,Perfumería e Higiene,Higiene íntima,Tampones,https://static.carrefour.es/hd_510x_/img_pim_food/007148_00_1.jpg
https://www.carrefour.es/supermercado/finger-de-pollo-empanado-carrefour-el-mercado-300-g-aprox/R-VC4AECOMM-249540/p,Finger de pollo empanado Carrefour El Mercado 300 g aprox,"2,50 €",,"8,35 €/kg",,Productos Frescos,Carnicería,Empanados,https://static.carrefour.es/hd_510x_/img_pim_food/249540_00_1.jpg
https://www.carrefour.es/supermercado/aceite-de-oliva-virgen-extra-variedad-arbequina-ecologico-carrefour-bio-500-ml/R-VC4AECOMM-448769/p,Aceite de oliva virgen extra variedad arbequina ecológico Carrefour Bio 500 ml.,"7,70 €",,"15,40 €/l",,La Despensa,Alimentación,Aceites y vinagres,https://static.carrefour.es/hd_510x_/img_pim_food/448769_00_1.jpg
https://www.carrefour.es/supermercado/ambientador-de-coche-aroma-a-limpio-aura-1-ud/R-VC4AECOMM-550346/p,Ambientador de coche aroma a limpio Aura 1 ud.,"2,45 €",,"2,45 €/ud",,Limpieza y Hogar,Ambientadores,Coche,https://static.carrefour.es/hd_510x_/img_pim_food/550346_00_1.jpg
https://www.carrefour.es/supermercado/compota-de-manzana-sin-azucar-anadido-ecologica-ekolo-bio-350-g/R-VC4AECOMM-802689/p,Compota de manzana sin azúcar añadido ecológica Ëkolo Bio 350 g.,"1,54 €",,"4,40 €/kg",,La Despensa,Dulce,"Mermeladas, Membrillos y Compotas",https://static.carrefour.es/hd_510x_/img_pim_food/802689_00_1.jpg
https://www.carrefour.es/supermercado/tomate-frito-con-aceite-de-oliva-virgen-extra-orlando-pack-de-3-briks-de-350-g/R-prod224741/p,Tomate frito con aceite de oliva virgen extra Orlando pack de 3 briks de 350 g.,"4,65 €",,"4,43 €/kg",,La Despensa,Alimentación,Salsas y Tomate Frito,https://static.carrefour.es/hd_510x_/img_pim_food/249948_00_1.jpg
https://www.carrefour.es/supermercado/dentifrico-dientes-mas-blancos-sensation-blanqueador-colgate-pack-de-2-unidades-de-75-ml/R-VC4AECOMM-497569/p,Dentífrico dientes más blancos Sensation Blanqueador Colgate pack de 2 unidades de 75 ml.,"5,05 €",,"3,37 €/100ml",,Perfumería e Higiene,Boca y Sonrisa,Dentífricos,https://static.carrefour.es/hd_510x_/img_pim_food/497569_00_1.jpg
https://www.carrefour.es/supermercado/rollito-de-arenque-marinado-con-aceituna-el-mercado-150-g/R-830827042/p,Rollito de arenque marinado con aceituna El Mercado 150 g,"5,73 €",,"38,20 €/kg",,Productos Frescos,Pescadería,Preparados y elaborados de Pescado y Marisco,https://static.carrefour.es/hd_510x_/img_pim_food/966187_00_1.jpg
https://www.carrefour.es/supermercado/caldo-para-paella-facil-de-marisco-100-natural-gallina-blanca-sin-gluten-brik-1-l/R-697806850/p,Caldo para paella fácil de marisco 100% Natural Gallina Blanca sin gluten brik 1 l.,"3,75 €",,"3,75 €/l",,La Despensa,"Conservas, Sopas y Precocinados","Caldos, Sopas y Pure",https://static.carrefour.es/hd_510x_/img_pim_food/098787_00_1.jpg
https://www.carrefour.es/supermercado/cepillo-de-dientes-infantil-6-anos-bamboo-suave-ecologico-green-carrefour-soft-1-ud/R-VC4AECOMM-107276/p,Cepillo de dientes infantil +6 años bamboo suave ecológico Green Carrefour Soft 1 ud.,"2,35 €",,"2,35 €/ud",,Perfumería e Higiene,Boca y Sonrisa,"Cepillos, Recambios y Accesorios",https://static.carrefour.es/hd_510x_/img_pim_food/107276_00_1.jpg
https://www.carrefour.es/supermercado/vino-tinto-roble-vinas-del-vero-do-somontano-75-cl/R-521008589/p,Viñas Del Vero Cabernet Sauvignon-Merlot Tinto 2023,"5,15 €",,"5,15 €/ud",,Bebidas,Vinos,Tinto,https://static.carrefour.es/hd_510x_/img_pim_food/033343_00_1.jpg
https://www.carrefour.es/supermercado/bebida-isotonica-sabor-limon-226ers-sin-gluten-y-sin-lactosa-1-kg/R-VC4AECOMM-066524/p,Bebida isotónica sabor limón 226ERS sin gluten y sin lactosa 1 kg.,"29,60 €",,"29,60 €/kg",,La Despensa,Alimentación,Nutrición deportiva,https://static.carrefour.es/hd_510x_/img_pim_food/066524_00_1.jpg
https://www.carrefour.es/supermercado/crema-forte-facial-atopicontrol-eucerin-50-ml/R-731184326/p,Crema forte facial Atopicontrol Eucerin 50 ml.,"15,35 €",,"30,70 €/100ml",,Parafarmacia,Cuidado corporal,Cremas y Lociones,https://static.carrefour.es/hd_510x_/img_pim_food/684235_00_1.jpg
https://www.carrefour.es/supermercado/crema-balsamo-para-proteger-la-zona-del-panal-1-2-3-mustela-150-ml/R-590511424/p,Crema bálsamo para proteger la zona del pañal 1 2 3 Mustela 150 ml,"12,29 €",,"8,19 €/100ml",,Parafarmacia,Bebé,Anti Irritación,https://static.carrefour.es/hd_510x_/img_pim_food/790338_00_1.jpg
https://www.carrefour.es/supermercado/leche-fermentada-tropical-sin-azucar-anadido-danone-danacol-sin-gluten-pack-de-6-unidades-de-100-g/R-521029710/p,Leche fermentada tropical sin azúcar añadido Danone Danacol sin gluten pack de 6 unidades de 100 g.,"4,35 €",,"7,25 €/kg",,La Despensa,Yogures y Postres,"Colesterol, Óseo y Tensión",https://static.carrefour.es/hd_510x_/img_pim_food/645941_00_1.jpg
https://www.carrefour.es/supermercado/bombones-surtidos-merci-estuche-400-g/R-521004996/p,Bombones surtidos Merci estuche 400 g.,"11,19 €",,"27,98 €/kg",,La Despensa,Dulce,Bombones y Chocolates,https://static.carrefour.es/hd_510x_/img_pim_food/001993_00_1.jpg
https://www.carrefour.es/supermercado/cerveza-estrella-galicia-especial-mini-pack-20-botellas-20-cl/R-717314084/p,Cerveza Estrella Galicia especial mini pack 20 botellas 20 cl.,"10,89 €",,"2,72 €/l",,Bebidas,Cerveza,Todas las Cervezas,https://static.carrefour.es/hd_510x_/img_pim_food/499114_00_1.jpg
https://www.carrefour.es/supermercado/helado-de-vainilla-carrefour-480-g/R-521031878/p,Helado de vainilla Carrefour 480 g.,"2,15 €",,"4,48 €/kg",,Congelados,Helados,Tarrinas,https://static.carrefour.es/hd_510x_/img_pim_food/538637_00_1.jpg
https://www.carrefour.es/supermercado/vinagre-de-sidra-de-nuestra-tierra-250-ml/R-VC4AECOMM-757688/p,Vinagre de sidra De Nuestra Tierra 250 ml.,"3,45 €",,"13,80 €/l",,La Despensa,Alimentación,Aceites y vinagres,https://static.carrefour.es/hd_510x_/img_pim_food/757688_00_1.jpg
https://www.carrefour.es/supermercado/cafe-espresso-en-capsulas-starbucks-compatible-con-dolce-gusto-12-unidades-de-55-g/R-prod1161181/p,"Café espresso en cápsulas Starbucks compatible con Dolce Gusto 12 unidades de 5,5 g.","5,25 €",,"79,55 €/kg",,La Despensa,Desayuno,Cafés,https://static.carrefour.es/hd_510x_/img_pim_food/213120_00_1.jpg
https://www.carrefour.es/supermercado/papel-de-cocina-ultra-absorbente-xxl-carrefour-essential-2-rollos/R-782401329/p,Papel de cocina ultra absorbente XXL Carrefour Essential 2 rollos,"3,29 €",,"1,64 €/ud",,Limpieza y Hogar,Papel y Celulosa,Papel Cocina y Multiusos,https://static.carrefour.es/hd_510x_/img_pim_food/867524_00_1.jpg
https://www.carrefour.es/supermercado/galletas-de-barquillo-cubiertas-de-chocolate-choco-wafer-milka-180-g/R-590601616/p,Galletas de barquillo cubiertas de chocolate Choco Wafer Milka 180 g.,"3,09 €",,"17,17 €/kg",,La Despensa,Desayuno,Galletas,https://static.carrefour.es/hd_510x_/img_pim_food/339017_00_1.jpg
https://www.carrefour.es/supermercado/bloque-tradicional-organico-tiba-tempeh-200-g/R-VC4AECOMM-343511/p,Bloque tradicional orgánico Tiba Tempeh 200 g.,"4,49 €",,"22,45 €/kg",,La Despensa,"Conservas, Sopas y Precocinados",Masa Fresca y Bases,https://static.carrefour.es/hd_510x_/img_pim_food/343511_00_1.jpg
https://www.carrefour.es/supermercado/croquetas-mini-de-jamon-carrefour-500-g/R-VC4AECOMM-690567/p,Croquetas mini de jamón Carrefour 500 g.,"1,35 €",,"2,70 €/kg",,La Despensa,"Conservas, Sopas y Precocinados",Croquetas y Rebozados,https://static.carrefour.es/hd_510x_/img_pim_food/690567_00_1.jpg
https://www.carrefour.es/supermercado/pinchos-de-anchoa-gildas-bogamar-95-g/R-VC4AECOMM-437686/p,Pinchos de anchoa Gildas Bogamar 95 g,"2,95 €",,"31,05 €/kg",,Productos Frescos,Pescadería,Preparados y elaborados de Pescado y Marisco,https://static.carrefour.es/hd_510x_/img_pim_food/437686_00_1.jpg
https://www.carrefour.es/supermercado/patatas-fritas-santa-ana-150-g/R-VC4AECOMM-454894/p,Patatas fritas Santa Ana 150 g.,"1,64 €",,"10,93 €/kg",,La Despensa,Aperitivos,Patatas Fritas,https://static.carrefour.es/hd_510x_/img_pim_food/454894_00_1.jpg
https://www.carrefour.es/supermercado/galletas-con-toppings-de-cereales-y-chocolate-choco-flakes-cuetara-100-g/R-VC4AECOMM-348990/p,Galletas con toppings de cereales y chocolate Choco Flakes Cuétara 100 g.,"1,99 €",,"19,90 €/kg",,,,,https://static.carrefour.es/hd_510x_/img_pim_food/348990_00_1.jpg
https://www.carrefour.es/supermercado/alubia-cocida-sin-sal-anadida-categoria-extra-carrefour-400-g/R-521005481/p,Alubia cocida sin sal añadida categoría extra Carrefour 400 g.,"0,67 €",,"1,67 €/kg",,La Despensa,Alimentación,Legumbres,https://static.carrefour.es/hd_510x_/img_pim_food/709406_00_1.jpg
https://www.carrefour.es/supermercado/champu-fortificante-fuerza-y-brillo-para-cabello-normal-ganier-fructis-690-ml/R-fprod1460455/p,Champú fortificante fuerza y brillo para cabello normal Ganier Fructis 690 ml.,"7,55 €",,"1,08 €/100ml",,Perfumería e Higiene,Cabello,Champús,https://static.carrefour.es/hd_510x_/img_pim_food/400476_00_1.jpg
https://www.carrefour.es/supermercado/chocolate-negro-80-cacao-seleccion-carrefour-80-g/R-521004082/p,Chocolate negro 80% cacao Selección Carrefour 80 g.,"1,93 €",,"19,30 €/kg",,La Despensa,Dulce,Bombones y Chocolates,https://static.carrefour.es/hd_510x_/img_pim_food/793196_00_1.jpg
https://www.carrefour.es/supermercado/alubia-frijol-la-cochura-1-kg/R-prod1120060/p,Alubia frijol La Cochura 1 kg.,"2,70 €",,"2,70 €/kg",,La Despensa,Alimentación,Legumbres,https://static.carrefour.es/hd_510x_/img_pim_food/609044_00_1.jpg
https://www.carrefour.es/supermercado/queso-de-oveja-curado-manchego-artesano-dop-de-nuestra-tierra-125-g/R-VC4AECOMM-689698/p,Queso de oveja curado manchego artesano D.O.P. De Nuestra Tierra 125 g,"6,19 €",,"49,52 €/kg",,Productos Frescos,Quesos,Curado,https://static.carrefour.es/hd_510x_/img_pim_food/689698_00_1.jpg
https://www.carrefour.es/supermercado/corazones-de-alcachofa-bajo-contenido-de-sal-carrefour-245-g/R-653001969/p,Corazones de alcachofa bajo contenido de sal Carrefour 245 g.,"3,59 €",,"14,65 €/kg",,La Despensa,"Conservas, Sopas y Precocinados",Conservas de Vegetales,https://static.carrefour.es/hd_510x_/img_pim_food/176879_00_1.jpg
https://www.carrefour.es/supermercado/patatas-fritas-churreria-en-aceite-de-girasol-carrefour-pack-de-2-bolsas-de-150-g/R-796400335/p,Patatas fritas churrería en aceite de girasol Carrefour pack de 2 bolsas de 150 g.,"1,83 €",,"6,10 €/kg",,La Despensa,Aperitivos,Patatas Fritas,https://static.carrefour.es/hd_510x_/img_pim_food/897891_00_1.jpg
https://www.carrefour.es/supermercado/vino-tinto-joven-monastrell-finca-luzon-do-jumilla-75-cl/R-VC4AECOMM-678069/p,Finca Luzón Tinto 2023,"5,55 €",,"5,55 €/ud",,Bebidas,Vinos,Tinto,https://static.carrefour.es/hd_510x_/img_pim_food/678069_00_1.jpg
https://www.carrefour.es/supermercado/aceitunas-verdes-rellenas-de-anchoa-la-espanola-sin-gluten-pack-de-6-latas-de-50-g/R-521003907/p,Aceitunas verdes rellenas de anchoa La Española sin gluten pack de 6 latas de 50 g.,"7,89 €",,"26,30 €/kg",,La Despensa,Aperitivos,Aceitunas y Encurtidos,https://static.carrefour.es/hd_510x_/img_pim_food/074496_00_1.jpg
https://www.carrefour.es/supermercado/galletas-maria-family-biscuits-sin-azucar-anadido-600-g/R-VC4AECOMM-096472/p,Galletas María Family Biscuits sin azúcar añadido 600 g.,"1,84 €",,"3,07 €/kg",,La Despensa,Desayuno,Galletas,https://static.carrefour.es/hd_510x_/img_pim_food/096472_00_1.jpg
https://www.carrefour.es/supermercado/anchoas-del-cantabrico-en-aceite-de-oliva-consorcio-29-g/R-618404940/p,Anchoas del Cantábrico en aceite de oliva Consorcio 29 g.,"4,49 €",,"154,83 €/kg",,La Despensa,"Conservas, Sopas y Precocinados",Conservas de Pescado y Marisco,https://static.carrefour.es/hd_510x_/img_pim_food/362567_00_1.jpg
https://www.carrefour.es/supermercado/bacalao-dorado-delfin-250-g/R-VC4AECOMM-376631/p,Bacalao dorado Delfín 250 g.,"2,69 €",,"10,76 €/kg",,Congelados,Rebozados y Platos Preparados,,https://static.carrefour.es/hd_510x_/img_pim_food/376631_00_1.jpg
https://www.carrefour.es/supermercado/secreto-de-cerdo-carrefour-750-g-aprox/R-prod220618/p,Secreto de Cerdo Carrefour 750 g aprox,"3,17 €",,"6,35 €/kg",,Productos Frescos,Carnicería,Cerdo,https://static.carrefour.es/hd_510x_/img_pim_food/426795_00_1.jpg
https://www.carrefour.es/supermercado/remolacha-en-rodajas-classic-carrefour-250-g/R-VC4AECOMM-705340/p,Remolacha en rodajas Classic Carrefour 250 g.,"1,60 €",,"6,40 €/kg",,La Despensa,"Conservas, Sopas y Precocinados",Conservas de Vegetales,https://static.carrefour.es/hd_510x_/img_pim_food/705340_00_1.jpg
https://www.carrefour.es/supermercado/champu-y-acondicionador-delicado-para-cabello-normal-con-aceite-de-almendras-dulces-timotei-750-ml/R-801332688/p,Champú y acondicionador delicado para cabello normal con aceite de almendras dulces Timotei 750 ml.,"5,45 €",,"0,73 €/100ml",,Perfumería e Higiene,Cabello,Champús,https://static.carrefour.es/hd_510x_/img_pim_food/903668_00_1.jpg
https://www.carrefour.es/supermercado/fuet-casero-elpozo-150-g/R-VC4AECOMM-710633/p,Fuet casero ElPozo 150 g.,"2,89 €",,"19,27 €/kg",,Productos Frescos,Charcutería,"Chorizo, Lomo y Otros",https://static.carrefour.es/hd_510x_/img_pim_food/710633_00_1.jpg
https://www.carrefour.es/supermercado/toallitas-intimas-con-aloe-vera-carrefour-soft-20-ud/R-VC4AECOMM-603581/p,Toallitas intimas con aloe vera Carrefour Soft 20 ud.,"0,99 €",,"0,05 €/ud",,Perfumería e Higiene,Higiene íntima,Toallitas y geles íntimos,https://static.carrefour.es/hd_510x_/img_pim_food/603581_00_1.jpg
https://www.carrefour.es/supermercado/necoras-cocidas-carrefour-500-g/R-530067394/p,Nécoras cocidas Carrefour 500 g.,"6,99 €",,"13,98 €/kg",,Congelados,Mariscos Congelados,,https://static.carrefour.es/hd_510x_/img_pim_food/124956_00_1.jpg
https://www.carrefour.es/supermercado/fiambre-de-pechuga-de-pavo-braseada-mini-pavofrio-campofrio-sin-gluten-y-sin-lactosa-340-g/R-VC4AECOMM-698627/p,Fiambre de pechuga de pavo braseada Mini Pavofrío Campofrío sin gluten y sin lactosa 340 g,"2,99 €",,"8,79 €/kg",,Productos Frescos,Charcutería,Fiambre de Pavo y Pollo,https://static.carrefour.es/hd_510x_/img_pim_food/698627_00_1.jpg
https://www.carrefour.es/supermercado/vino-do-valdepenas-tinto-gran-reserva-vina-lobon-75-cl/R-855600428/p,Vino D.O. Valdepeñas tinto gran reserva Viña Lobón 75 cl.,"3,95 €",,"3,95 €/ud",,Bebidas,Vinos,Tinto,https://static.carrefour.es/hd_510x_/img_pim_food/087732_00_1.jpg
https://www.carrefour.es/supermercado/ginebra-seagrams-00-sin-alcohol-70-cl/R-VC4AECOMM-355828/p,"Ginebra Seagram's 0,0% sin alcohol 70 cl.","17,39 €",,"24,84 €/l",,Bebidas,Alcoholes,Sin Alcohol,https://static.carrefour.es/hd_510x_/img_pim_food/355828_00_1.jpg
https://www.carrefour.es/supermercado/cerveza-alhambra-reserva-1925-pack-de-12-botellas-de-33-cl/R-521028210/p,Cerveza Alhambra Reserva 1925 pack de 12 botellas de 33 cl.,"15,65 €",,"3,95 €/l",,Bebidas,Cerveza,Todas las Cervezas,https://static.carrefour.es/hd_510x_/img_pim_food/587130_00_1.jpg
https://www.carrefour.es/supermercado/champu-anticaspa-menthol-fresh-hs-625-ml/R-VC4AECOMM-336874/p,Champú anticaspa menthol fresh H&S 625 ml.,"8,79 €",,"1,41 €/100ml",,Perfumería e Higiene,Cabello,Champús,https://static.carrefour.es/hd_510x_/img_pim_food/336874_00_1.jpg
https://www.carrefour.es/supermercado/snack-para-perros-sabor-bufalo-purina-adventuros-sticks-120-g/R-842200518/p,Snack para perros sabor búfalo Purina Adventuros Sticks 120 g,"1,99 €",,"16,58 €/kg",,Mascotas,Perros,"Premios, Snacks y Huesos",https://static.carrefour.es/hd_510x_/img_pim_food/964837_00_1.jpg
https://www.carrefour.es/supermercado/cerveza-tostada-amstel-oro-pack-10-latas-33-cl/R-fprod1190425/p,Cerveza tostada Amstel Oro pack 10 latas 33 cl.,"6,99 €",,"2,12 €/l",,Bebidas,Cerveza,Todas las Cervezas,https://static.carrefour.es/hd_510x_/img_pim_food/242540_00_1.jpg
https://www.carrefour.es/supermercado/hamburguesa-de-vacuno-angus-el-encinar-de-humienta-300-g/R-VC4AECOMM-491524/p,Hamburguesa de vacuno angus El Encinar de Humienta 300 g,"3,99 €",,"13,30 €/kg",,Productos Frescos,Carnicería,Otras carnes,https://static.carrefour.es/hd_510x_/img_pim_food/491524_00_1.jpg
https://www.carrefour.es/supermercado/champu-liso-sedoso-para-cabello-seco-o-encrespado-tresemme-685-ml/R-VC4AECOMM-318607/p,Champú liso & sedoso para cabello seco o encrespado Tresemmé 685 ml.,"5,69 €",,"0,83 €/100ml",,Perfumería e Higiene,Cabello,Champús,https://static.carrefour.es/hd_510x_/img_pim_food/318607_00_1.jpg
https://www.carrefour.es/supermercado/snack-dental-carrefour-para-perros-medianos-o-grandes-pack-7-sticks/R-prod240528/p,Snack dental Carrefour para perros medianos o grandes pack 7 sticks,"1,65 €",,"9,17 €/kg",,Mascotas,Perros,"Premios, Snacks y Huesos",https://static.carrefour.es/hd_510x_/img_pim_food/880034_00_1.jpg
https://www.carrefour.es/supermercado/smoothie-de-mango-y-frambuesa-carrefour-sensation-450-g/R-VC4AECOMM-359264/p,Smoothie de mango y frambuesa Carrefour Sensation 450 g.,"3,39 €",,"7,53 €/kg",,Bebidas,Aguas y Zumos,Zumos Refrigerados,https://static.carrefour.es/hd_510x_/img_pim_food/359264_00_1.jpg
https://www.carrefour.es/supermercado/pollo-al-ajillo-con-patatas-asadas-extra-carrefour-sin-gluten-250-g/R-VC4AECOMM-614453/p,Pollo al ajillo con patatas asadas Extra Carrefour sin gluten 250 g.,"3,89 €",,"15,56 €/kg",,La Despensa,"Conservas, Sopas y Precocinados",Platos Preparados,https://static.carrefour.es/hd_510x_/img_pim_food/614453_00_1.jpg
https://www.carrefour.es/supermercado/paleta-de-cebo-iberica-50-raza-iberica-en-lonchas-ibersierra-sin-gluten-y-sin-lactosa-100-g/R-VC4AECOMM-694999/p,Paleta de Cebo Ibérica 50% Raza Ibérica en lonchas IberSierra sin gluten y sin lactosa 100 g,"6,75 €",,"67,50 €/kg",,Productos Frescos,Charcutería,Jamón Serrano e Ibérico Envasado,https://static.carrefour.es/hd_510x_/img_pim_food/694999_00_1.jpg
https://www.carrefour.es/supermercado/tampones-con-aplicador-super-carrefour-20-ud/R-814301089/p,Tampones con aplicador super Carrefour 20 ud.,"2,25 €",,"0,11 €/ud",,Perfumería e Higiene,Higiene íntima,Tampones,https://static.carrefour.es/hd_510x_/img_pim_food/941136_00_1.jpg
https://www.carrefour.es/supermercado/aperitivo-de-maiz-sabor-queso-chitos-carrefour-sin-aceite-de-palma-115-g/R-prod1070123/p,Aperitivo de maiz sabor queso Chitos Carrefour sin aceite de palma 115 g.,"0,99 €",,"8,61 €/kg",,La Despensa,Aperitivos,Snacks,https://static.carrefour.es/hd_510x_/img_pim_food/130116_00_1.jpg
https://www.carrefour.es/supermercado/panales-dodot-cuidado-total-t2-4-8-kg-56-ud/R-prod730076/p,Pañales Dodot Cuidado Total T2 (4-8 kg) 56 ud.,"27,00 €",,"0,48 €/ud",,Bebé,Pañales y Toallitas,Pañales Dodot,https://static.carrefour.es/hd_510x_/img_pim_food/363004_00_1.jpg
https://www.carrefour.es/supermercado/mascarilla-fortificante-multiusos-elvive-full-resist-power-mask-loreal-paris-680-ml/R-VC4AECOMM-479449/p,Mascarilla fortificante multiusos Elvive Full Resist Power Mask L'Oréal Paris 680 ml.,"11,60 €",,"1,71 €/100ml",,Perfumería e Higiene,Cabello,Cuidado y Tratamientos del cabello,https://static.carrefour.es/hd_510x_/img_pim_food/479449_00_1.jpg
https://www.carrefour.es/supermercado/galletas-tarallucci-mulino-bianco-350-g/R-835033514/p,Galletas Tarallucci Mulino Bianco 350 g.,"4,19 €",,"11,97 €/kg",,La Despensa,Desayuno,Galletas,https://static.carrefour.es/hd_510x_/img_pim_food/971417_00_1.jpg
https://www.carrefour.es/supermercado/papel-freidora-de-aire-tipo-molde-fami-50-ud/R-VC4AECOMM-196224/p,Papel freidora de aire tipo molde Fami 50 ud.,"5,59 €",,"0,11 €/ud",,Limpieza y Hogar,Conservación de Alimentos,Papel y Moldes para horno,https://static.carrefour.es/hd_510x_/img_pim_food/196224_00_1.jpg
https://www.carrefour.es/supermercado/vino-do-mancha-blanco-airen-vina-lobon-75-cl/R-847106003/p,Vino D.O. Mancha blanco Airén Viña Lobón 75 cl.,"1,40 €",,"1,40 €/ud",,Bebidas,Vinos,Blanco,https://static.carrefour.es/hd_510x_/img_pim_food/016518_00_1.jpg
https://www.carrefour.es/supermercado/detergente-liquido-para-pieles-sensibles-norit-40-lavados/R-756203007/p,Detergente líquido para pieles sensibles Norit 40 lavados.,"7,59 €",,"0,19 €/lavado",,Limpieza y Hogar,Cuidado de la Ropa,Detergentes,https://static.carrefour.es/hd_510x_/img_pim_food/765352_00_1.jpg
https://www.carrefour.es/supermercado/tampones-super-sin-aplicador-soft-carrefour-32-ud/R-521000516/p,Tampones super sin aplicador Soft Carrefour 32 ud.,"3,59 €",,"0,11 €/ud",,Perfumería e Higiene,Higiene íntima,Tampones,https://static.carrefour.es/hd_510x_/img_pim_food/728798_00_1.jpg
https://www.carrefour.es/supermercado/colonia-infantil-suavinex-100-ml/R-590502502/p,Colonia infantil Suavinex 100 ml.,"11,45 €",,"11,45 €/100ml",,Bebé,Perfumería e Higiene,Colonia,https://static.carrefour.es/hd_510x_/img_pim_food/147486_00_1.jpg
https://www.carrefour.es/supermercado/desodorante-body-spray-energy-proteccion-48h-perfume-amaderado-carrefour-men-150-ml/R-VC4AECOMM-658680/p,Desodorante body spray energy protección 48h perfume amaderado Carrefour Men 150 ml.,"1,27 €",,"0,85 €/100ml",,Perfumería e Higiene,Baño e Higiene Corporal,Desodorantes,https://static.carrefour.es/hd_510x_/img_pim_food/658680_00_1.jpg
https://www.carrefour.es/supermercado/galletas-maria-ecologicas-gullon-sin-lactosa-350-g/R-627801724/p,Galletas María ecológicas Gullón sin lactosa 350 g.,"3,55 €",,"10,14 €/kg",,La Despensa,Desayuno,Galletas,https://static.carrefour.es/hd_510x_/img_pim_food/693878_00_1.jpg
https://www.carrefour.es/supermercado/lagarto-de-cerdo-duroc-circulo-de-calidad-carrefour-300-g-aprox/R-VC4AECOMM-001459/p,Lagarto de cerdo Duroc Círculo de Calidad Carrefour 300 g aprox,"4,77 €",,"15,89 €/kg",,Productos Frescos,Carnicería,Cerdo,https://static.carrefour.es/hd_510x_/img_pim_food/001459_00_1.jpg
https://www.carrefour.es/supermercado/aderezo-de-limon-exprimido-carrefour-250-ml/R-fprod1280602/p,Aderezo de limón exprimido Carrefour 250 ml.,"0,89 €",,"3,56 €/l",,La Despensa,Alimentación,Aceites y vinagres,https://static.carrefour.es/hd_510x_/img_pim_food/331242_00_1.jpg
https://www.carrefour.es/supermercado/calamares-en-su-tinta-albo-72-g/R-538001432/p,Calamares en su tinta Albo 72 g.,"2,99 €",,"41,53 €/kg",,La Despensa,"Conservas, Sopas y Precocinados",Conservas de Pescado y Marisco,https://static.carrefour.es/hd_510x_/img_pim_food/028534_00_1.jpg
https://www.carrefour.es/supermercado/pechuga-de-pollo-campofrio-finissimas-sin-gluten-y-sin-lactosa-115-g/R-VC4AECOMM-698585/p,Pechuga de pollo Campofrío Finissimas sin gluten y sin lactosa 115 g.,"1,89 €",,"16,43 €/kg",,Productos Frescos,Charcutería,Fiambre de Pavo y Pollo,https://static.carrefour.es/hd_510x_/img_pim_food/698585_00_1.jpg
https://www.carrefour.es/supermercado/pelota-de-tenis-para-perros-vitakraft/R-720860729/p,Pelota de tenis para perros Vitakraft,"1,89 €",,"1,89 €/ud",,Mascotas,Perros,Juguetes,https://static.carrefour.es/hd_510x_/img_pim_food/173166_00_1.jpg
https://www.carrefour.es/supermercado/disco-volador-turquesa-lanzar-y-recuperar-para-perro-kimbo-talla-m/R-VC4AECOMM-447788/p,Disco Volador Turquesa Lanzar Y Recuperar para Perro Kimbo Talla M,"12,99 €",,"12,99 €/ud",,Mascotas,Perros,Juguetes,https://static.carrefour.es/hd_510x_/img_pim_food/447788_00_1.jpg
https://www.carrefour.es/supermercado/salsa-siciliana-de-cecco-400-g/R-VC4AECOMM-075039/p,Salsa Siciliana De Cecco 400 g.,"3,59 €",,"8,97 €/kg",,La Despensa,Alimentación,Salsas y Tomate Frito,https://static.carrefour.es/hd_510x_/img_pim_food/075039_00_1.jpg
https://www.carrefour.es/supermercado/pastas-de-avena-zero-gullon-300-gr/R-VC4AECOMM-128853/p,Pastas de Avena Zero Gullón 300 gr.,"3,59 €",,"11,97 €/kg",,La Despensa,Desayuno,Galletas,https://static.carrefour.es/hd_510x_/img_pim_food/128853_00_1.jpg
https://www.carrefour.es/supermercado/confitura-de-albaricoques-diet-hero-280-g/R-prod720263/p,Confitura de albaricoques Diet Hero 280 g.,"2,75 €",,"9,82 €/kg",,La Despensa,Dulce,"Mermeladas, Membrillos y Compotas",https://static.carrefour.es/hd_510x_/img_pim_food/852324_00_1.jpg
https://www.carrefour.es/supermercado/yogur-natural-carrefour-pack-de-8-unidades-de-125-g/R-VC4AECOMM-441067/p,Yogur natural Carrefour pack de 8 unidades de 125 g.,"1,40 €",,"1,40 €/kg",,La Despensa,Yogures y Postres,Yogur Natural y Sabores,https://static.carrefour.es/hd_510x_/img_pim_food/441067_00_1.jpg
https://www.carrefour.es/supermercado/bonito-del-norte-en-escabeche-en-trozos-ribeira-585-g/R-prod731235/p,Bonito del norte en escabeche en trozos Ribeira 585 g.,"15,09 €",,"25,66 €/kg",,La Despensa,"Conservas, Sopas y Precocinados",Conservas de Pescado y Marisco,https://static.carrefour.es/hd_510x_/img_pim_food/856322_00_1.jpg
https://www.carrefour.es/supermercado/powerade-ice-storm-con-tapon-sport-botella-50-cl/R-520660743/p,Powerade Ice Storm con tapón sport botella 50 cl.,"1,45 €",,"2,90 €/l",,Bebidas,Refrescos,Sabores sin Gas,https://static.carrefour.es/hd_510x_/img_pim_food/394775_00_1.jpg
https://www.carrefour.es/supermercado/leche-fermentada-azucarada-natural-carrefour-no-lactosa-sin-lactosa-pack-de-4-unidades-de-125-g/R-849000346/p,Leche fermentada azucarada natural Carrefour No Lactosa sin lactosa pack de 4 unidades de 125 g.,"1,50 €",,"12,00 €/kg",,La Despensa,Yogures y Postres,Yogur Natural y Sabores,https://static.carrefour.es/hd_510x_/img_pim_food/012977_00_1.jpg
https://www.carrefour.es/supermercado/tortelloni-pasta-fresca-al-huevo-relleno-de-ricotta-y-espinacas-gustamente-sin-gluten-250-g/R-VC4AECOMM-315762/p,Tortelloni pasta fresca al huevo relleno de ricotta y espinacas Gustamente sin gluten 250 g.,"5,89 €",,"23,56 €/kg",,La Despensa,"Conservas, Sopas y Precocinados",Platos Preparados,https://static.carrefour.es/hd_510x_/img_pim_food/315762_00_1.jpg
https://www.carrefour.es/supermercado/galletas-finas-de-avena-recubierta-de-chocolate-negro-gullon-150-g/R-VC4AECOMM-460402/p,Galletas finas de avena recubierta de chocolate negro Gullón 150 g.,"2,05 €",,"13,67 €/kg",,La Despensa,Desayuno,Galletas,https://static.carrefour.es/hd_510x_/img_pim_food/460402_00_1.jpg
https://www.carrefour.es/supermercado/cafe-molido-natural-gran-aroma-marcilla-500-g/R-804323778/p,Café molido natural Gran Aroma Marcilla 500 g.,"7,15 €",,"14,30 €/kg",,La Despensa,Desayuno,Cafés,https://static.carrefour.es/hd_510x_/img_pim_food/912144_00_1.jpg
https://www.carrefour.es/supermercado/platano-de-freir-a-granel-1-kg-aprox/R-547901617/p,Plátano de freir a granel 1 Kg aprox,"2,95 €",,"2,95 €/kg",,Productos Frescos,Frutas,Plátanos y Bananas,https://static.carrefour.es/hd_510x_/img_pim_food/053761_00_1.jpg
https://www.carrefour.es/supermercado/caldo-de-ave-ecologico-carrefour-bio-8-pastillas/R-VC4AECOMM-025216/p,Caldo de ave ecológico Carrefour Bio 8 pastillas,"1,48 €",,"16,82 €/kg",,La Despensa,"Conservas, Sopas y Precocinados","Caldos, Sopas y Pure",https://static.carrefour.es/hd_510x_/img_pim_food/025216_00_1.jpg
https://www.carrefour.es/supermercado/crema-antiestrias-suavinex-250-ml/R-VC4AECOMM-383762/p,Crema antiestrías Suavinex 250 ml.,"20,50 €",,"8,20 €/100ml",,Parafarmacia,Cuidado corporal,Cremas y Lociones,https://static.carrefour.es/hd_510x_/img_pim_food/383762_00_1.jpg
https://www.carrefour.es/supermercado/te-blanco-en-bolsitas-ecologico-carrefour-bio-20-ud/R-fprod1360095/p,Té blanco en bolsitas ecológico Carrefour Bio 20 ud.,"2,79 €",,"99,64 €/kg",,,,,https://static.carrefour.es/hd_510x_/img_pim_food/338863_00_1.jpg
https://www.carrefour.es/supermercado/panales-carrefour-baby-softprotect-talla-0-1-3-kg-24-ud/R-prod970316/p,Pañales Carrefour Baby soft&protect Talla 0 (1-3 kg) 24 ud.,"6,45 €",,"0,27 €/ud",,Bebé,Pañales y Toallitas,Pañales Carrefour Baby,https://static.carrefour.es/hd_510x_/img_pim_food/052220_00_1.jpg
https://www.carrefour.es/supermercado/mayonesa-ybarra-sin-gluten-y-sin-lactosa-tarro-750-ml/R-590201803/p,Mayonesa Ybarra sin gluten y sin lactosa tarro 750 ml.,"3,99 €",,"5,32 €/l",,La Despensa,Alimentación,Salsas y Tomate Frito,https://static.carrefour.es/hd_510x_/img_pim_food/034755_00_1.jpg
https://www.carrefour.es/supermercado/vino-blanco-semi-dulce-viura-alma-de-diamante-doca-rioja-75-cl/R-prod250397/p,Alma De Diamante Blanco Sin Crianza,"7,49 €",,"7,49 €/ud",,Bebidas,Vinos,Blanco,https://static.carrefour.es/hd_510x_/img_pim_food/290000_00_1.jpg
https://www.carrefour.es/supermercado/pina-cilindro-vaso-600-g-aprox/R-VC4AECOMM-490229/p,Piña cilindro vaso 600 g aprox,"3,36 €",,"5,60 €/kg",,Productos Frescos,Frutas,"Piñas, Kiwis, Aguacates y Tropicales",https://static.carrefour.es/hd_510x_/img_pim_food/490229_00_1.jpg
https://www.carrefour.es/supermercado/queso-fresco-original-burgo-de-arias-pack-de-3-unidades-de-72-g/R-521030553/p,Queso fresco Original Burgo de Arias pack de 3 unidades de 72 g.,"3,05 €",,"14,12 €/kg",,Productos Frescos,Quesos,Queso Fresco,https://static.carrefour.es/hd_510x_/img_pim_food/020884_00_1.jpg
https://www.carrefour.es/supermercado/chicles-de-fresa-sin-azucar-clix-sin-gluten-pack-de-3-unidades-de-156-g/R-VC4AECOMM-609562/p,"Chicles de fresa sin azúcar Clix sin gluten pack de 3 unidades de 15,6 g.","1,70 €",,"36,96 €/kg",,La Despensa,Dulce,Dulces y Golosinas,https://static.carrefour.es/hd_510x_/img_pim_food/609562_00_1.jpg
https://www.carrefour.es/supermercado/bolitas-de-leche-malteada-con-chocolate-con-leche-maltesers-300-g/R-521004349/p,Bolitas de leche malteada con chocolate con leche Maltesers 300 g.,"6,55 €",,"21,83 €/kg",,La Despensa,Dulce,Bombones y Chocolates,https://static.carrefour.es/hd_510x_/img_pim_food/705452_00_1.jpg
https://www.carrefour.es/supermercado/gelatina-seleccion-de-pescado-para-gatos-felix-original-purina-4x85-g/R-VC4AECOMM-719095/p,Gelatina selección de pescado para gatos Felix Original Purina 4x85 g,"1,99 €",,"5,85 €/kg",,Mascotas,Gatos,Pienso para gatos,https://static.carrefour.es/hd_510x_/img_pim_food/719095_00_1.jpg
https://www.carrefour.es/supermercado/mini-bocaditos-de-pan-sour-cream-sensation-carrefour-100-g/R-VC4AECOMM-727870/p,Mini bocaditos de pan sour cream Sensation Carrefour 100 g.,"1,39 €",,"13,90 €/kg",,La Despensa,"Panaderia, Bollería y Pastelería","Pan tostado, Biscottes y Barritas",https://static.carrefour.es/hd_510x_/img_pim_food/727870_00_1.jpg
https://www.carrefour.es/supermercado/detergente-gel-activo-formula-higiene-colon-45-lavados/R-VC4AECOMM-741351/p,Detergente gel activo fórmula higiene Colon 45 lavados.,"14,35 €",,"0,32 €/lavado",,Limpieza y Hogar,Cuidado de la Ropa,Detergentes,https://static.carrefour.es/hd_510x_/img_pim_food/741351_00_1.jpg
https://www.carrefour.es/supermercado/kefir-de-leche-de-cabra-y-oveja-desnatado-ecologico-carrefour-bio-420-g/R-VC4AECOMM-437905/p,Kéfir de leche de cabra y oveja desnatado ecológico Carrefour Bio 420 g.,"3,59 €","2,59 €","8,55 €/kg","6,17 €/kg",La Despensa,Yogures y Postres,Yogur Natural y Sabores,https://static.carrefour.es/hd_510x_/img_pim_food/437905_00_1.jpg
https://www.carrefour.es/supermercado/serum-triple-efecto-para-el-acne-dermopure-oil-control-eucerin-40-ml/R-VC4AECOMM-355566/p,Sérum triple efecto para el acné DermoPure Oil Control Eucerin 40 ml.,"20,90 €",,"52,25 €/100ml",,Parafarmacia,Cuidado e higiene facial,Cuidado Acné,https://static.carrefour.es/hd_510x_/img_pim_food/355566_00_1.jpg
https://www.carrefour.es/supermercado/ron-santa-teresa-anejo-gran-reserva-70-cl/R-522714069/p,Santa Teresa Ron Reserva,"14,89 €",,"21,27 €/l",,Bebidas,Alcoholes,Ron,https://static.carrefour.es/hd_510x_/img_pim_food/048215_00_1.jpg
https://www.carrefour.es/supermercado/cacao-soluble-instantaneo-nestle-nesquik-sin-gluten-700-g/R-VC4AECOMM-724526/p,Cacao soluble instantáneo Nestlé Nesquik sin gluten 700 g.,"6,35 €",,"9,07 €/kg",,La Despensa,Desayuno,Cacaos y Cereales Solubles,https://static.carrefour.es/hd_510x_/img_pim_food/724526_00_1.jpg
https://www.carrefour.es/supermercado/cereales-choco-bollz-carrefour-classic-375-g/R-VC4AECOMM-423306/p,Cereales Choco Bollz Carrefour Classic 375 g.,"1,92 €",,"5,12 €/ud",,La Despensa,Desayuno,Cereales,https://static.carrefour.es/hd_510x_/img_pim_food/423306_00_1.jpg
https://www.carrefour.es/supermercado/garbanzos-congelados-carrefour-classic-450-g/R-VC4AECOMM-418053/p,Garbanzos congelados Carrefour Classic' 450 g.,"1,33 €",,"2,96 €/kg",,Congelados,Verduras Congeladas,,https://static.carrefour.es/hd_510x_/img_pim_food/418053_00_1.jpg
https://www.carrefour.es/supermercado/queso-emmental-tierno-en-porciones-mini-babybel-120-g/R-521033775/p,Queso emmental tierno en porciones Mini Babybel 120 g.,"3,05 €",,"25,42 €/kg",,Productos Frescos,Quesos,Gouda y Emmental,https://static.carrefour.es/hd_510x_/img_pim_food/156128_00_1.jpg
https://www.carrefour.es/supermercado/tofu-japones-ecologico-carrefour-bio-sin-gluten-sin-lactosa-300-g/R-VC4AECOMM-134989/p,Tofu japonés ecológico Carrefour Bio sin gluten sin lactosa 300 g.,"2,45 €",,"8,17 €/kg",,La Despensa,"Conservas, Sopas y Precocinados",Platos Preparados,https://static.carrefour.es/hd_510x_/img_pim_food/134989_00_1.jpg
https://www.carrefour.es/supermercado/tinte-permanente-sin-amoniaco-n-8u-rubio-claro-universal-excellence-creme-loreal-paris-1-ud/R-VC4AECOMM-482066/p,Tinte permanente sin amoniaco nº 8U rubio claro universal Excellence Creme L'oreal Paris 1 ud.,"11,29 €",,"11,29 €/ud",,Perfumería e Higiene,Cabello,Tinte,https://static.carrefour.es/hd_510x_/img_pim_food/482066_00_1.jpg
https://www.carrefour.es/supermercado/puerro-circulo-de-calidad-500-g/R-prod223075/p,Puerro Círculo de Calidad 500 g,"2,30 €",,"4,60 €/kg",,Productos Frescos,Verduras y hortalizas,Hortalizas,https://static.carrefour.es/hd_510x_/img_pim_food/240832_00_1.jpg
https://www.carrefour.es/supermercado/gel-wc-limpieza-total-frescor-pato-pack-de-2-unidades-de-750-ml/R-823818277/p,Gel WC limpieza total frescor Pato pack de 2 unidades de 750 ml.,"5,69 €",,"3,79 €/l",,Limpieza y Hogar,Productos para Baño,WC,https://static.carrefour.es/hd_510x_/img_pim_food/954288_00_1.jpg
https://www.carrefour.es/supermercado/jabon-de-manos-en-pastilla-glicerina-natural-lixone-pack-de-3-unidades-de-125-g/R-590207329/p,Jabón de manos en pastilla glicerina natural Lixoné pack de 3 unidades de 125 g.,"3,45 €",,"0,92 €/100g",,Perfumería e Higiene,Cuidado y Protección Corporal,Piel,https://static.carrefour.es/hd_510x_/img_pim_food/209773_00_1.jpg
https://www.carrefour.es/supermercado/paleta-de-cebo-iberica-50-raza-iberica-lonchas-villar-sin-gluten-y-sin-lactosa-3-sobres-de-65-g/R-VC4AECOMM-580062/p,Paleta de Cebo Ibérica 50% Raza Ibérica lonchas Villar sin gluten y sin lactosa 3 sobres de 65 g,"12,09 €",,"62,00 €/kg",,Productos Frescos,Charcutería,Jamón Serrano e Ibérico Envasado,https://static.carrefour.es/hd_510x_/img_pim_food/580062_00_1.jpg
https://www.carrefour.es/supermercado/champu-fortificante-adios-danos-para-cabello-danado-garnier-fructis-690-ml/R-fprod1460456/p,Champú fortificante adiós daños para cabello dañado Garnier Fructis 690 ml.,"7,55 €",,"1,08 €/100ml",,Perfumería e Higiene,Cabello,Champús,https://static.carrefour.es/hd_510x_/img_pim_food/400461_00_1.jpg
https://www.carrefour.es/supermercado/jamon-de-cebo-iberico-50-raza-iberica-en-lonchas-altanera-90-g/R-VC4AECOMM-337548/p,Jamón de Cebo Ibérico 50% Raza Ibérica en lonchas Altanera 90 g,"7,19 €",,"79,89 €/kg",,Productos Frescos,Charcutería,Jamón Serrano e Ibérico Envasado,https://static.carrefour.es/hd_510x_/img_pim_food/337548_00_1.jpg
https://www.carrefour.es/supermercado/queso-de-cabra-tierno-mini-carrefour-550-g/R-VC4AECOMM-712254/p,Queso de cabra tierno mini Carrefour 550 g,"9,65 €",,"17,55 €/kg",,Productos Frescos,Quesos,Todos los Quesos,https://static.carrefour.es/hd_510x_/img_pim_food/712254_00_1.jpg
https://www.carrefour.es/supermercado/bocadito-de-pan-de-hamburguesa-255-g/R-538003198/p,Bocadito de pan de hamburguesa 255 g,"1,99 €",,"7,80 €/kg",,Productos Frescos,Panadería Tradicional,Pan Tradicional,https://static.carrefour.es/hd_510x_/img_pim_food/147929_00_1.jpg
https://www.carrefour.es/supermercado/palmeron-rosa-xxxl-370-g/R-VC4AECOMM-155081/p,Palmerón rosa XXXL 370 g,"2,99 €",,"8,08 €/kg",,Productos Frescos,Panadería Tradicional,Bollería Tradicional,https://static.carrefour.es/hd_510x_/img_pim_food/155081_00_1.jpg
https://www.carrefour.es/supermercado/pechuga-de-pavo-en-lonchas-un-momento-y-listo-serrano-sin-gluten-sin-lactosa-200-g/R-530362920/p,Pechuga de pavo en lonchas Un Momento y Listo Serrano sin gluten sin lactosa 200 g.,"2,99 €",,"14,95 €/kg",,Productos Frescos,Charcutería,Fiambre de Pavo y Pollo,https://static.carrefour.es/hd_510x_/img_pim_food/152569_00_1.jpg
https://www.carrefour.es/supermercado/tomate-frito-con-aceite-de-oliva-solis-sin-gluten-pack-de-2-tarros-de-460-g/R-prod250029/p,Tomate frito con aceite de oliva Solis sin gluten pack de 2 tarros de 460 g.,"4,19 €",,"4,55 €/kg",,La Despensa,Alimentación,Salsas y Tomate Frito,https://static.carrefour.es/hd_510x_/img_pim_food/019648_00_1.jpg
https://www.carrefour.es/supermercado/maquinillas-desechable-para-hombre-blue-ii-gillette-30-ud/R-VC4AECOMM-306146/p,Maquinillas desechable para hombre Blue II Gillette 30 ud.,"15,09 €",,"0,50 €/ud",,Perfumería e Higiene,Depilación y Afeitado,Maquinillas y Recambios,https://static.carrefour.es/hd_510x_/img_pim_food/306146_00_1.jpg
https://www.carrefour.es/supermercado/chocolate-negro-82-con-almendras-mediterraneas-enteras-valor-sin-gluten-250-g/R-prod394191/p,Chocolate negro 82% con almendras mediterráneas enteras Valor sin gluten 250 g.,"5,59 €",,"22,36 €/kg",,La Despensa,Dulce,Bombones y Chocolates,https://static.carrefour.es/hd_510x_/img_pim_food/289875_00_1.jpg
https://www.carrefour.es/supermercado/yogur-natural-de-cabra-carrefour-original-pack-de-2-unidades-de-115-g/R-VC4AECOMM-164662/p,Yogur natural de cabra Carrefour Original pack de 2 unidades de 115 g.,"1,99 €",,"8,65 €/kg",,La Despensa,Yogures y Postres,Yogur Natural y Sabores,https://static.carrefour.es/hd_510x_/img_pim_food/164662_00_1.jpg
https://www.carrefour.es/supermercado/leche-infantil-para-lactantes-en-polvo-ecologico-bio-combiotik-hipp-sin-gluten-lata-800-g/R-prod810296/p,Leche infantil para lactantes en polvo ecológico Bio Combiotik Hipp sin gluten lata 800 g.,"27,20 €",,"34,00 €/kg",,Bebé,Alimentación infantil,Leches Infantiles,https://static.carrefour.es/hd_510x_/img_pim_food/088150_00_1.jpg
https://www.carrefour.es/supermercado/galletas-de-mantequilla-shortbread-fingers-campbells-150-g/R-871608768/p,Galletas de mantequilla Shortbread Fingers Campbells 150 g.,"4,05 €",,"27,00 €/kg",,La Despensa,Desayuno,Galletas,https://static.carrefour.es/hd_510x_/img_pim_food/117970_00_1.jpg
https://www.carrefour.es/supermercado/cerveza-mahou-5-estrellas-especial-pack-de-12-latas-de-33-cl/R-521013498/p,Cerveza Mahou 5 Estrellas especial pack de 12 latas de 33 cl.,"9,96 €",,"2,52 €/l",,Bebidas,Cerveza,Todas las Cervezas,https://static.carrefour.es/hd_510x_/img_pim_food/420207_00_1.jpg
https://www.carrefour.es/supermercado/pasas-sin-pepitas-borges-sin-gluten-doy-pack-150-g/R-624903530/p,Pasas sin pepitas Borges sin gluten doy pack 150 g.,"2,30 €",,"15,33 €/kg",,La Despensa,Aperitivos,Frutas Desecadas,https://static.carrefour.es/hd_510x_/img_pim_food/800345_00_1.jpg
https://www.carrefour.es/supermercado/avellana-tostada-de-reus-de-nuestra-tierra-doy-pack-90-g/R-521013893/p,Avellana tostada de Reus De Nuestra Tierra doy pack 90 g.,"2,25 €",,"25,00 €/kg",,La Despensa,Aperitivos,Frutos Secos,https://static.carrefour.es/hd_510x_/img_pim_food/502616_00_1.jpg
https://www.carrefour.es/supermercado/vino-do-rioja-tinto-crianza-campo-viejo-pack-de-6-botellas-de-75-cl/R-prod700082/p,Campo Viejo Tinto Crianza 2020,"25,90 €","24,90 €","25,90 €/ud","24,90 €/ud",Bebidas,Vinos,Tinto,https://static.carrefour.es/hd_510x_/img_pim_food/848130_00_1.jpg
https://www.carrefour.es/supermercado/crema-facial-regeneradora-spf30-con-complejo-antioxidante-age-perfect-renacimiento-celular-loreal-paris-50-ml/R-VC4AECOMM-722277/p,Crema facial regeneradora SPF30 con complejo antioxidante Age Perfect Renacimiento Celular L'Oréal Paris 50 ml.,"24,75 €",,"49,50 €/100ml",,Perfumería e Higiene,Cuidado y Protección Corporal,Piel,https://static.carrefour.es/hd_510x_/img_pim_food/722277_00_1.jpg
https://www.carrefour.es/supermercado/ginebra-tanqueray-sin-alcohol-00-70-cl/R-VC4AECOMM-646148/p,"Tanqueray 0,0","18,25 €",,"26,07 €/l",,Bebidas,Alcoholes,Sin Alcohol,https://static.carrefour.es/hd_510x_/img_pim_food/646148_00_1.jpg
https://www.carrefour.es/supermercado/zumo-de-melocoton-y-uva-ecologico-carrefour-bio-exprimido-pack-de-3-briks-de-20-cl/R-prod880427/p,Zumo de melocotón y uva ecológico Carrefour Bio exprimido pack de 3 briks de 20 cl.,"2,45 €",,"4,08 €/l",,Bebidas,Aguas y Zumos,Zumos no Refrigerados,https://static.carrefour.es/hd_510x_/img_pim_food/025668_00_1.jpg
https://www.carrefour.es/supermercado/preparado-de-soja-sabor-mango-sin-azucar-anadido-alpro-mas-fruta-sin-gluten-sin-lactosa-400-g/R-fprod1200058/p,Preparado de soja sabor mango sin azúcar añadido Alpro Más Fruta sin gluten sin lactosa 400 g.,"2,49 €",,"6,23 €/kg",,La Despensa,Yogures y Postres,Vegetal,https://static.carrefour.es/hd_510x_/img_pim_food/253534_00_1.jpg
https://www.carrefour.es/supermercado/limpiador-de-metales-algodon-magico-stark-75-g/R-prod1120232/p,Limpiador de metales Algodón Mágico Stark 75 g.,"3,79 €",,"50,53 €/kg",,Limpieza y Hogar,Productos para toda la casa,Limpiametales,https://static.carrefour.es/hd_510x_/img_pim_food/164583_00_1.jpg
https://www.carrefour.es/supermercado/tortitas-de-maiz-con-chocolate-negro-bicentury-93-g/R-526539247/p,Tortitas de maíz con chocolate negro Bicentury 93 g.,"2,79 €",,"29,37 €/kg",,La Despensa,Aperitivos,Tortitas,https://static.carrefour.es/hd_510x_/img_pim_food/790570_00_1.jpg
https://www.carrefour.es/supermercado/pizza-usa-american-cheese-carrefour-el-mercado-440-g/R-VC4AECOMM-185049/p,Pizza USA american cheese Carrefour el Mercado 440 g,"4,95 €",,"11,25 €/kg",,Productos Frescos,Platos Preparados Cocinados,Pastas y Pizzas,https://static.carrefour.es/hd_510x_/img_pim_food/185049_00_1.jpg
https://www.carrefour.es/supermercado/mermelada-de-ciruela-la-vieja-fabrica-sin-gluten-350-g/R-540201724/p,Mermelada de ciruela La Vieja Fábrica sin gluten 350 g.,"3,15 €",,"9,00 €/kg",,La Despensa,Dulce,"Mermeladas, Membrillos y Compotas",https://static.carrefour.es/hd_510x_/img_pim_food/032487_00_1.jpg
https://www.carrefour.es/supermercado/cerveza-tostada-mahou-00-alcohol-pack-de-6-botellas-de-25-cl/R-625735344/p,"Cerveza tostada Mahou 0,0 alcohol pack de 6 botellas de 25 cl.","4,49 €",,"2,99 €/l",,Bebidas,Cerveza,Sin Alcohol,https://static.carrefour.es/hd_510x_/img_pim_food/273908_00_1.jpg
https://www.carrefour.es/supermercado/tortitas-con-canela-ines-rosales-180-g/R-fprod1450120/p,Tortitas con canela Inés Rosales 180 g.,"1,91 €",,"10,61 €/kg",,La Despensa,"Panaderia, Bollería y Pastelería",Bollería,https://static.carrefour.es/hd_510x_/img_pim_food/381469_00_1.jpg
https://www.carrefour.es/supermercado/tabla-de-queso-nacional-carrefour-125-g/R-VC4AECOMM-686253/p,Tabla de queso nacional Carrefour 125 g,"4,15 €",,"33,20 €/kg",,Productos Frescos,Quesos,Todos los Quesos,https://static.carrefour.es/hd_510x_/img_pim_food/686253_00_1.jpg
https://www.carrefour.es/supermercado/suavizante-concentrado-delicado-vernel-80-lavados/R-VC4AECOMM-473719/p,Suavizante concentrado delicado Vernel 80 lavados.,"5,45 €",,"0,07 €/lavado",,Limpieza y Hogar,Cuidado de la Ropa,Suavizantes,https://static.carrefour.es/hd_510x_/img_pim_food/473719_00_1.jpg
https://www.carrefour.es/supermercado/anchoas-en-aceite-de-oliva-ligeras-en-sal-consorcio-26-g/R-529043505/p,Anchoas en aceite de oliva ligeras en sal Consorcio 26 g.,"4,45 €",,"171,15 €/kg",,La Despensa,"Conservas, Sopas y Precocinados",Conservas de Pescado y Marisco,https://static.carrefour.es/hd_510x_/img_pim_food/725001_00_1.jpg
https://www.carrefour.es/supermercado/pienso-de-pollo-para-gato-esterilizado-brekkies-excel-15-kg/R-766008842/p,"Pienso de pollo para gato esterilizado Brekkies Excel 1,5 kg","5,95 €",,"3,97 €/kg",,Mascotas,Gatos,Pienso para gatos,https://static.carrefour.es/hd_510x_/img_pim_food/820419_00_1.jpg
https://www.carrefour.es/supermercado/flamenquin-de-pollo-carrefour-el-mercado-300-g/R-VC4AECOMM-249604/p,Flamenquín de pollo Carrefour El Mercado 300 g,"2,89 €",,"2,89 €/ud",,Productos Frescos,Carnicería,Empanados,https://static.carrefour.es/hd_510x_/img_pim_food/249604_00_1.jpg
https://www.carrefour.es/supermercado/desodorante-en-spray-blue-lavender-axe-150-ml/R-VC4AECOMM-154075/p,Desodorante en spray Blue Lavender Axe 150 ml.,"6,09 €",,"4,06 €/100ml",,Perfumería e Higiene,Baño e Higiene Corporal,Desodorantes,https://static.carrefour.es/hd_510x_/img_pim_food/154075_00_1.jpg
https://www.carrefour.es/supermercado/pizza-mexicana-con-salsa-chipotle-pizza-salsa-campofrio-400-g/R-VC4AECOMM-402930/p,Pizza mexicana con salsa chipotle Pizza & Salsa Campofrío 400 g.,"3,19 €","2,95 €","7,97 €/kg","7,37 €/kg",La Despensa,"Conservas, Sopas y Precocinados",Pizzas,https://static.carrefour.es/hd_510x_/img_pim_food/402930_00_1.jpg
https://www.carrefour.es/supermercado/sopa-jardinera-gallina-blanca-71-g/R-747200998/p,Sopa jardinera Gallina Blanca 71 g.,"0,92 €",,"12,96 €/kg",,La Despensa,"Conservas, Sopas y Precocinados","Caldos, Sopas y Pure",https://static.carrefour.es/hd_510x_/img_pim_food/002332_00_1.jpg
https://www.carrefour.es/supermercado/tinte-color-permanente-n-535-castano-claro-dorado-caoba-0-amoniaco-science-les-cosmetiques-1-ud/R-VC4AECOMM-110666/p,Tinte color permanente nº 5.35 castaño claro dorado caoba 0% Amoniaco Science Les Cosmétiques 1 ud.,"3,89 €",,"3,89 €/ud",,Perfumería e Higiene,Cabello,Tinte,https://static.carrefour.es/hd_510x_/img_pim_food/110666_00_1.jpg
https://www.carrefour.es/supermercado/coco-500-g-aprox/R-521031320/p,Coco 500 g aprox,"1,00 €",,"1,00 €/ud",,Productos Frescos,Frutas,"Piñas, Kiwis, Aguacates y Tropicales",https://static.carrefour.es/hd_510x_/img_pim_food/036096_00_1.jpg
https://www.carrefour.es/supermercado/tiras-universales-carrefour-soft-40-ud/R-VC4AECOMM-147847/p,Tiras universales Carrefour Soft 40 ud.,"1,70 €",,"0,04 €/ud",,Parafarmacia,Botiquín,Apósitos y Gasas,https://static.carrefour.es/hd_510x_/img_pim_food/147847_00_1.jpg
https://www.carrefour.es/supermercado/crema-de-dia-antiedad-intensiva-fp15-cellular-expert-filler-nivea-50-ml/R-VC4AECOMM-103907/p,Crema de día antiedad intensiva FP15 Cellular Expert Filler Nivea 50 ml.,"16,15 €",,"32,30 €/100ml",,Perfumería e Higiene,Cuidado y Protección Corporal,Piel,https://static.carrefour.es/hd_510x_/img_pim_food/103907_00_1.jpg
https://www.carrefour.es/supermercado/crema-de-queso-camembert-president-125-g/R-521030685/p,Crema de queso camembert Président 125 g.,"1,92 €",,"15,36 €/kg",,Productos Frescos,Quesos,Crema de queso,https://static.carrefour.es/hd_510x_/img_pim_food/269524_00_1.jpg
https://www.carrefour.es/supermercado/miel-de-romero-carrefour-classic-500-g/R-VC4AECOMM-420468/p,Miel de romero Carrefour Classic' 500 g.,"5,35 €",,"10,70 €/kg",,La Despensa,Dulce,Miel,https://static.carrefour.es/hd_510x_/img_pim_food/420468_00_1.jpg
https://www.carrefour.es/supermercado/vino-do-ribera-del-duero-tinto-roble-moralinos-75-cl/R-795768693/p,Vino D.O. Ribera del Duero tinto roble Moralinos 75 cl.,"6,45 €",,"6,45 €/ud",,Bebidas,Vinos,Tinto,https://static.carrefour.es/hd_510x_/img_pim_food/895529_00_1.jpg
https://www.carrefour.es/supermercado/verduras-asadas-con-patata-carrefour-400-g/R-VC4AECOMM-602198/p,Verduras asadas con patata Carrefour 400 g.,"1,55 €",,"3,87 €/kg",,Congelados,Salteados Congelados,,https://static.carrefour.es/hd_510x_/img_pim_food/602198_00_1.jpg
https://www.carrefour.es/supermercado/palomitas-sabor-mantequilla-para-microondas-carrefour-pack-de-3-bolsas-de-100-g/R-521003812/p,Palomitas sabor mantequilla para microondas Carrefour pack de 3 bolsas de 100 g.,"1,45 €",,"4,83 €/kg",,La Despensa,Aperitivos,Palomitas,https://static.carrefour.es/hd_510x_/img_pim_food/794754_00_1.jpg
https://www.carrefour.es/supermercado/esponja-vegetal-suave-delicada-carrefour-1-ud/R-fprod1280755/p,Esponja vegetal suave delicada Carrefour 1 ud.,"1,40 €",,"1,40 €/ud",,Perfumería e Higiene,Baño e Higiene Corporal,"Esponjas, Manoplas y Cepillos de Baño",https://static.carrefour.es/hd_510x_/img_pim_food/331349_00_1.jpg
https://www.carrefour.es/supermercado/cerveza-carrefour-extra-malta-lata-de-33-cl/R-VC4AECOMM-476843/p,Cerveza Carrefour extra malta lata de 33 cl.,"0,53 €",,"1,61 €/l
- 3,18 €/6 uds.",,Bebidas,Cerveza,Todas las Cervezas,https://static.carrefour.es/hd_510x_/img_pim_food/476843_00_1.jpg
https://www.carrefour.es/supermercado/freshyeti-piruleta-lata-50-cl/R-VC4AECOMM-024825/p,Freshyeti piruleta lata 50 cl.,"1,00 €",,"2,00 €/l",,Bebidas,Refrescos,Sabores con Gas,https://static.carrefour.es/hd_510x_/img_pim_food/024825_00_1.jpg
https://www.carrefour.es/supermercado/comida-para-agaponis-vitakraft-750-g/R-720860739/p,Comida para agaponis Vitakraft 750 g,"5,59 €",,"5,59 €/ud",,Mascotas,Pájaros,Pienso para pájaros,https://static.carrefour.es/hd_510x_/img_pim_food/173233_00_1.jpg
https://www.carrefour.es/supermercado/sidra-el-gaitero-sin-alcohol-sin-gluten-botella-25-cl/R-VC4AECOMM-368517/p,Sidra El Gaitero sin alcohol sin gluten botella 25 cl.,"1,07 €",,"4,28 €/l",,,,,https://static.carrefour.es/hd_510x_/img_pim_food/368517_00_1.jpg
https://www.carrefour.es/supermercado/croquetas-de-cocido-estilo-ropa-vieja-la-cocinera-340-g/R-VC4AECOMM-214899/p,Croquetas de cocido estilo ropa vieja La cocinera 340 g.,"5,55 €",,"16,32 €/kg",,Congelados,Rebozados y Platos Preparados,,https://static.carrefour.es/hd_510x_/img_pim_food/214899_00_1.jpg
https://www.carrefour.es/supermercado/calabaza-sepallo-carrefour-2-kg-aprox/R-VC4AECOMM-462664/p,Calabaza sepallo Carrefour 2 kg aprox,"3,58 €","2,58 €","1,79 €/kg","1,29 €/kg",Productos Frescos,Verduras y hortalizas,Hortalizas,https://static.carrefour.es/hd_510x_/img_pim_food/462664_00_1.jpg
https://www.carrefour.es/supermercado/maquinillas-desechables-para-mujer-2-hojas-10-ud/R-VC4AECOMM-447843/p,Maquinillas desechables para mujer 2 hojas 10 ud.,"1,25 €",,"0,12 €/ud",,Perfumería e Higiene,Depilación y Afeitado,Maquinillas y Recambios,https://static.carrefour.es/hd_510x_/img_pim_food/447843_00_1.jpg
https://www.carrefour.es/supermercado/crema-anti-estrias-trofolastin-250-ml/R-prod73518/p,Crema anti-estrías Trofolastin 250 ml.,"25,10 €",,"10,04 €/100ml",,Parafarmacia,Cuidado corporal,Cremas y Lociones,https://static.carrefour.es/hd_510x_/img_pim_food/553575_00_1.jpg
https://www.carrefour.es/supermercado/guisantes-salteados-con-jamon-iberico-250-g/R-prod750071/p,Guisantes salteados con jamón ibérico 250 g,"4,40 €",,"17,60 €/kg",,Productos Frescos,Platos Preparados Cocinados,Platos de Verdura,https://static.carrefour.es/hd_510x_/img_pim_food/858077_00_1.jpg
https://www.carrefour.es/supermercado/pastel-de-pescado-de-roca-santa-teresa-sin-gluten-100-g/R-VC4AECOMM-204284/p,Pastel de pescado de roca Santa Teresa sin gluten 100 g.,"4,85 €",,"48,50 €/kg",,Productos Frescos,Charcutería,"Foie, Patés y Sobrasadas",https://static.carrefour.es/hd_510x_/img_pim_food/204284_00_1.jpg
https://www.carrefour.es/supermercado/gazpacho-con-aceite-de-oliva-virgen-extra-santa-teresa-sin-gluten-1-l/R-531705185/p,Gazpacho con aceite de oliva virgen extra Santa Teresa sin gluten 1 l.,"5,65 €",,"5,65 €/l",,La Despensa,"Conservas, Sopas y Precocinados",Gazpacho y Salmorejo,https://static.carrefour.es/hd_510x_/img_pim_food/178788_00_1.jpg
https://www.carrefour.es/supermercado/ambientador-spray-flor-de-cerezo-essential-carrefour-300-ml/R-VC4AECOMM-654887/p,Ambientador spray flor de cerezo Essential Carrefour 300 ml.,"1,15 €",,"3,83 €/l",,Limpieza y Hogar,Ambientadores,Aerosol o pistola,https://static.carrefour.es/hd_510x_/img_pim_food/654887_00_1.jpg
https://www.carrefour.es/supermercado/suplemento-articular-para-perro-senior-yumove-80-ud/R-prod270154/p,Suplemento articular para perro senior Yumove 80 ud,"27,99 €",,"27,99 €/ud",,Mascotas,Perros,"Premios, Snacks y Huesos",https://static.carrefour.es/hd_510x_/img_pim_food/028566_00_1.jpg
https://www.carrefour.es/supermercado/gel-de-bano-sky-patrulla-canina-1l/R-prod280142/p,Gel de baño Sky Patrulla Canina 1l.,"4,95 €",,"0,49 €/100ml",,Perfumería e Higiene,Baño e Higiene Corporal,Geles de Baño,https://static.carrefour.es/hd_510x_/img_pim_food/338639_00_1.jpg
https://www.carrefour.es/supermercado/tinte-color-permanente-n-66-rubio-oscuro-rojizo-0-amoniaco-science-les-cosmetiques-1-ud/R-VC4AECOMM-110645/p,Tinte color permanente nº 6.6 rubio oscuro rojizo 0% Amoniaco Science Les Cosmétiques 1 ud.,"3,89 €",,"3,89 €/ud",,Perfumería e Higiene,Cabello,Tinte,https://static.carrefour.es/hd_510x_/img_pim_food/110645_00_1.jpg
https://www.carrefour.es/supermercado/nora-entera-deshidratada-trevijano-bandeja-60-g/R-prod68367/p,Ñora entera deshidratada Trevijano bandeja 60 g,"3,42 €",,"57,00 €/kg",,Productos Frescos,Verduras y hortalizas,Ensaladas y Verduras Preparadas,https://static.carrefour.es/hd_510x_/img_pim_food/407624_00_1.jpg
https://www.carrefour.es/supermercado/chocolate-dark-nestle-sin-gluten-270-g/R-521011496/p,Chocolate dark Nestlé sin gluten 270 g.,"3,95 €",,"14,63 €/kg",,La Despensa,Dulce,Bombones y Chocolates,https://static.carrefour.es/hd_510x_/img_pim_food/794785_00_1.jpg
https://www.carrefour.es/supermercado/bombones-de-chocolate-70-cacao-nestle-dark-sublime-estuche-143-g/R-VC4AECOMM-413275/p,Bombones de chocolate 70% cacao Nestlé Dark Sublime estuche 143 g.,"6,99 €",,"48,88 €/kg",,La Despensa,Dulce,Bombones y Chocolates,https://static.carrefour.es/hd_510x_/img_pim_food/413275_00_1.jpg
https://www.carrefour.es/supermercado/vino-do-ca-rioja-tinto-reserva-3-reinos-75-cl/R-prod650037/p,Vino D.O. Ca. Rioja tinto reserva 3 Reinos 75 cl.,"4,19 €",,"4,19 €/ud",,Bebidas,Vinos,Tinto,https://static.carrefour.es/hd_510x_/img_pim_food/843846_00_1.jpg
https://www.carrefour.es/supermercado/vino-blanco-carrefour-pack-3-brik-20-cl/R-546003439/p,Vino blanco Carrefour pack 3 brik 20 cl.,"1,41 €",,"2,35 €/l",,Bebidas,Vinos,Blanco,https://static.carrefour.es/hd_510x_/img_pim_food/004060_00_1.jpg
https://www.carrefour.es/supermercado/chocolate-con-leche-con-avellanas-troceadas-milka-125-g/R-521004262/p,Chocolate con leche con avellanas troceadas Milka 125 g.,"2,19 €",,"17,52 €/kg",,La Despensa,Dulce,Bombones y Chocolates,https://static.carrefour.es/hd_510x_/img_pim_food/212299_00_1.jpg
https://www.carrefour.es/supermercado/detergente-en-polvo-original-ariel-80-lavados/R-VC4AECOMM-765977/p,Detergente en polvo Original Ariel 80 lavados.,"33,30 €",,"0,42 €/lavado",,Limpieza y Hogar,Cuidado de la Ropa,Detergentes,https://static.carrefour.es/hd_510x_/img_pim_food/765977_00_1.jpg
https://www.carrefour.es/supermercado/gel-de-ducha-ultra-hidratante-urea-cuidado-experto-sanex-600-ml/R-VC4AECOMM-328207/p,Gel de ducha ultra hidratante Urea Cuidado Experto Sanex 600 ml.,"3,25 €",,"0,54 €/100ml",,Perfumería e Higiene,Baño e Higiene Corporal,Geles de Baño,https://static.carrefour.es/hd_510x_/img_pim_food/328207_00_1.jpg
https://www.carrefour.es/supermercado/cafe-latte-cappuccino-kaiku-sin-gluten-230-ml/R-521030176/p,Café latte cappuccino Kaiku sin gluten 230 ml.,"1,76 €",,"7,65 €/l",,La Despensa,Lácteos,Listo para beber,https://static.carrefour.es/hd_510x_/img_pim_food/547682_00_1.jpg
https://www.carrefour.es/supermercado/protegeslip-tanga-carrefour-30-ud/R-prod80887/p,Protegeslip Tanga Carrefour 30 ud.,"1,26 €",,"0,04 €/ud",,Perfumería e Higiene,Higiene íntima,Protege Slip,https://static.carrefour.es/hd_510x_/img_pim_food/612498_00_1.jpg
https://www.carrefour.es/supermercado/queso-semicurado-mezcla-mini-garcia-baquero-465-g/R-VC4AECOMM-681899/p,Queso semicurado mezcla mini García Baquero 465 g,"11,07 €",,"23,81 €/kg",,Productos Frescos,Quesos,Semicurado,https://static.carrefour.es/hd_510x_/img_pim_food/681899_00_1.jpg
https://www.carrefour.es/supermercado/panceta-de-cerdo-duroc-fileteada-circulo-de-calidad-carrefour-330-g-aprox/R-VC4AECOMM-001487/p,Panceta de cerdo Duroc fileteada Círculo de Calidad Carrefour 330 g aprox,"3,26 €",,"9,89 €/kg",,Productos Frescos,Carnicería,Cerdo,https://static.carrefour.es/hd_510x_/img_pim_food/001487_00_1.jpg
https://www.carrefour.es/supermercado/coca-cola-botella-1-l/R-prod280233/p,Coca Cola botella 1 l.,"2,55 €",,"2,55 €/l",,Bebidas,Refrescos,Colas,https://static.carrefour.es/hd_510x_/img_pim_food/339418_00_1.jpg
https://www.carrefour.es/supermercado/cacahuete-cubierto-de-chocolate-blanco-conguitos-sin-gluten-y-sin-aceite-de-palma-220-g/R-700809084/p,Cacahuete cubierto de chocolate blanco Conguitos sin gluten y sin aceite de palma 220 g.,"4,19 €",,"19,05 €/kg",,La Despensa,Dulce,Bombones y Chocolates,https://static.carrefour.es/hd_510x_/img_pim_food/324747_00_1.jpg
https://www.carrefour.es/supermercado/cerveza-alhambra-tradicional-lata-50-cl/R-538408221/p,Cerveza Alhambra tradicional lata 50 cl.,"1,12 €",,"2,24 €/l
- 6,72 €/6 uds.",,Bebidas,Cerveza,Todas las Cervezas,https://static.carrefour.es/hd_510x_/img_pim_food/409775_00_1.jpg
https://www.carrefour.es/supermercado/natillas-de-vainilla-danone-danet-pack-de-4-unidades-de-120-g/R-521029850/p,Natillas de vainilla Danone Danet pack de 4 unidades de 120 g.,"1,99 €",,"4,15 €/kg",,La Despensa,Yogures y Postres,"Natillas, Cremas y Copas",https://static.carrefour.es/hd_510x_/img_pim_food/755797_00_1.jpg
https://www.carrefour.es/supermercado/queso-fresco-pasterizado-burgo-de-arias-108-g/R-521030588/p,Queso fresco pasterizado Burgo de Arias 108 g.,"1,69 €",,"15,65 €/kg",,Productos Frescos,Quesos,Todos los Quesos,https://static.carrefour.es/hd_510x_/img_pim_food/646961_00_1.jpg
https://www.carrefour.es/supermercado/risotto-de-hongos-deshidratado-trevijano-280-g/R-600709174/p,Risotto de hongos deshidratado Trevijano 280 g,"3,52 €",,"12,57 €/kg",,Productos Frescos,Verduras y hortalizas,Ensaladas y Verduras Preparadas,https://static.carrefour.es/hd_510x_/img_pim_food/256067_00_1.jpg
https://www.carrefour.es/supermercado/mejillon-fresco-cocido-en-su-jugo-900-g/R-787017804/p,Mejillón fresco cocido en su jugo 900 g,"6,95 €",,"7,72 €/kg",,Productos Frescos,Pescadería,"Marisco, Almejas y Mejillones",https://static.carrefour.es/hd_510x_/img_pim_food/879796_00_1.jpg
https://www.carrefour.es/supermercado/dentifrico-limpieza-profunda-pro-expert-oral-b-75-ml/R-VC4AECOMM-195126/p,Dentífrico limpieza profunda Pro-Expert Oral-B 75 ml.,"3,45 €",,"4,60 €/100ml",,Perfumería e Higiene,Boca y Sonrisa,Dentífricos,https://static.carrefour.es/hd_510x_/img_pim_food/195126_00_1.jpg
https://www.carrefour.es/supermercado/jamon-cocido-extra-en-finas-lonchas-carrefour-el-mercado-225-g/R-VC4AECOMM-050749/p,Jamón Cocido Extra en finas lonchas Carrefour El Mercado 225 g,"1,99 €",,"8,84 €/kg",,Productos Frescos,Charcutería,Jamón Cocido y Lacón,https://static.carrefour.es/hd_510x_/img_pim_food/050749_00_1.jpg
https://www.carrefour.es/supermercado/gel-de-ducha-pure-micelar-skin-care-natural-honey-750-ml/R-prod1090212/p,Gel de ducha Pure Micelar Skin Care Natural Honey 750 ml.,"2,79 €",,"0,43 €/100ml",,Perfumería e Higiene,Baño e Higiene Corporal,Geles de Baño,https://static.carrefour.es/hd_510x_/img_pim_food/146680_00_1.jpg
https://www.carrefour.es/supermercado/barritas-de-chocolate-con-leche-barquillo-y-crema-de-cacahuete-conguitos-sin-aceite-de-palma-5-ud/R-VC4AECOMM-287560/p,"Barritas de chocolate con leche, barquillo y crema de cacahuete Conguitos sin aceite de palma 5 ud.","3,69 €",,"32,09 €/kg",,La Despensa,Dulce,Bombones y Chocolates,https://static.carrefour.es/hd_510x_/img_pim_food/287560_00_1.jpg
https://www.carrefour.es/supermercado/mango-carrefour-a-granel-1-kg-aprox/R-VC4AECOMM-430552/p,Mango Carrefour a granel 1 kg aprox,"2,99 €",,"2,99 €/kg",,Productos Frescos,Frutas,"Piñas, Kiwis, Aguacates y Tropicales",https://static.carrefour.es/hd_510x_/img_pim_food/430552_00_1.jpg
https://www.carrefour.es/supermercado/caldo-para-paella-classic-carrefour-sin-gluten-1-l/R-prod630039/p,Caldo para paella Classic´ Carrefour sin gluten 1 l.,"2,09 €",,"2,09 €/l",,La Despensa,"Conservas, Sopas y Precocinados","Caldos, Sopas y Pure",https://static.carrefour.es/hd_510x_/img_pim_food/843191_00_1.jpg
https://www.carrefour.es/supermercado/cocktail-de-encurtidos-rioverde-sin-gluten-380-g/R-prod100028/p,Cocktail de encurtidos Rioverde sin gluten 380 g.,"2,45 €",,"6,45 €/kg",,La Despensa,Aperitivos,Aceitunas y Encurtidos,https://static.carrefour.es/hd_510x_/img_pim_food/224052_00_1.jpg
https://www.carrefour.es/supermercado/ambientador-automatico-freshmatic-nenuco-aparato-y-recambio-air-wick-1-ud/R-prod81182/p,Ambientador automático freshmatic Nenuco aparato y recambio Air Wick 1 ud.,"8,85 €",,"8,85 €/ud",,Limpieza y Hogar,Ambientadores,Automáticos,https://static.carrefour.es/hd_510x_/img_pim_food/215941_00_1.jpg
https://www.carrefour.es/supermercado/cafe-molido-natural-descafeinado-gran-aroma-marcilla-200-g/R-731741851/p,Café molido natural descafeinado Gran Aroma Marcilla 200 g.,"4,25 €",,"21,25 €/kg",,La Despensa,Desayuno,Cafés,https://static.carrefour.es/hd_510x_/img_pim_food/425532_00_1.jpg
https://www.carrefour.es/supermercado/hamburguesa-de-pollo-y-pavo-con-espinacas-carrefour-540-g/R-VC4AECOMM-630209/p,Hamburguesa de Pollo y Pavo con Espinacas Carrefour 540 g,"4,89 €",,"9,06 €/kg",,Productos Frescos,Carnicería,Hamburguesas,https://static.carrefour.es/hd_510x_/img_pim_food/630209_00_1.jpg
https://www.carrefour.es/supermercado/alicate-pedicura-para-corte-recto-y-preciso-carrefour-1-ud/R-798285192/p,Alicate pedicura para corte recto y preciso Carrefour 1 ud.,"4,89 €",,"4,89 €/ud",,Perfumería e Higiene,Cosmética,Accesorios de Maquillaje y Manicura y Pedicura,https://static.carrefour.es/hd_510x_/img_pim_food/901443_00_1.jpg
https://www.carrefour.es/supermercado/pipeta-repelente-parasito-para-gato-dixie/R-553302097/p,Pipeta Repelente Parásito para Gato Dixie,"8,95 €",,"8,95 €/ud",,Mascotas,Gatos,Accesorios e Higiene,https://static.carrefour.es/hd_510x_/img_pim_food/703285_00_1.jpg
https://www.carrefour.es/supermercado/almendras-tostadas-ecologicas-carrefour-170-g/R-prod61943/p,Almendras tostadas ecológicas Carrefour 170 g,"4,48 €",,"26,35 €/kg",,La Despensa,Aperitivos,Frutos Secos,https://static.carrefour.es/hd_510x_/img_pim_food/986773_00_1.jpg
https://www.carrefour.es/supermercado/mascarilla-capilar-nutri-alisante-cabello-rebelde-science-les-cosmetiques-300-ml/R-657701795/p,Mascarilla capilar nutri-alisante cabello rebelde Science Les Cosmétiques 300 ml.,"1,54 €",,"0,51 €/100ml",,Perfumería e Higiene,Cabello,Cuidado y Tratamientos del cabello,https://static.carrefour.es/hd_510x_/img_pim_food/309885_00_1.jpg
https://www.carrefour.es/supermercado/desodorante-roll-on-pieles-atopicas-carrefour-soft-50-ml/R-VC4AECOMM-668829/p,Desodorante roll-on pieles atópicas Carrefour soft 50 ml.,"1,77 €",,"3,54 €/100ml",,Perfumería e Higiene,Baño e Higiene Corporal,Desodorantes,https://static.carrefour.es/hd_510x_/img_pim_food/668829_00_1.jpg
https://www.carrefour.es/supermercado/vino-tinto-reserva-tempranillo-vina-espolon-doca-rioja-75-cl/R-fprod1320044/p,Vino tinto reserva tempranillo Viña Espolón D.O.Ca. Rioja 75 cl.,"6,59 €",,"6,59 €/ud",,,,,https://static.carrefour.es/hd_510x_/img_pim_food/334207_00_1.jpg
https://www.carrefour.es/supermercado/eneryeti-splash-bebida-energetica-lata-50-cl/R-VC4AECOMM-555318/p,Eneryeti splash bebida energética lata 50 cl.,"1,00 €",,"2,00 €/l",,Bebidas,Refrescos,Energéticas,https://static.carrefour.es/hd_510x_/img_pim_food/555318_00_1.jpg
https://www.carrefour.es/supermercado/postre-lacteo-natural-desde-6-meses-nestle-yogolino-sin-gluten-y-sin-azucar-anadido-100-g/R-VC4AECOMM-493253/p,Postre lácteo natural desde 6 meses Nestlé Yogolino sin gluten y sin azúcar añadido 100 g.,"1,47 €",,"14,70 €/kg",,Bebé,Alimentación infantil,"Postres, Zumos, Petit y Yogures Infantiles",https://static.carrefour.es/hd_510x_/img_pim_food/493253_00_1.jpg
https://www.carrefour.es/supermercado/galletas-princesa-artiach-120-g/R-521012465/p,Galletas Princesa Artiach 120 g.,"2,49 €",,"20,75 €/kg",,La Despensa,Desayuno,Galletas,https://static.carrefour.es/hd_510x_/img_pim_food/001709_00_1.jpg
https://www.carrefour.es/supermercado/bebida-lactea-semidesnatada-fibra-central-lechera-asturiana-sin-gluten-brik-1-l/R-521007026/p,Bebida láctea semidesnatada fibra Central Lechera Asturiana sin gluten brik 1 l.,"1,67 €",,"1,67 €/l",,La Despensa,Lácteos,Leche,https://static.carrefour.es/hd_510x_/img_pim_food/345826_00_1.jpg
https://www.carrefour.es/supermercado/galletas-energy-chiquilin-artiach-160-g/R-VC4AECOMM-361276/p,Galletas energy Chiquilin Artiach 160 g.,"3,19 €",,"15,95 €/kg",,La Despensa,"Panaderia, Bollería y Pastelería",Bollería,https://static.carrefour.es/hd_510x_/img_pim_food/361276_00_1.jpg
https://www.carrefour.es/supermercado/almendras-rellenas-de-almendra-300-g/R-fprod1460438/p,Almendras rellenas de almendra 300 g,"5,99 €",,"19,97 €/kg",,Productos Frescos,Panadería Tradicional,Bollería Tradicional,https://static.carrefour.es/hd_510x_/img_pim_food/400580_00_1.jpg
https://www.carrefour.es/supermercado/concentrado-de-proteina-de-suero-de-leche-sabor-chocolate-prozis-400-g/R-prod830278/p,Concentrado de proteína de suero de leche sabor chocolate Prozis 400 g.,"16,59 €",,"41,47 €/kg",,La Despensa,Alimentación,Nutrición deportiva,https://static.carrefour.es/hd_510x_/img_pim_food/286000_00_1.jpg
https://www.carrefour.es/supermercado/toreras-picantes-kimbo-sin-gluten-120-g/R-521004029/p,Toreras picantes Kimbo sin gluten 120 g.,"2,69 €",,"22,42 €/kg",,La Despensa,Aperitivos,Aceitunas y Encurtidos,https://static.carrefour.es/hd_510x_/img_pim_food/029509_00_1.jpg
https://www.carrefour.es/supermercado/caldo-vegetal-con-un-toque-de-aceite-de-oliva-virgen-extra-knorr-sin-gluten-12-pastillas/R-823606977/p,Caldo vegetal con un toque de aceite de oliva virgen extra Knorr sin gluten 12 pastillas,"1,87 €",,"17,31 €/kg",,La Despensa,"Conservas, Sopas y Precocinados","Caldos, Sopas y Pure",https://static.carrefour.es/hd_510x_/img_pim_food/107671_00_1.jpg
https://www.carrefour.es/supermercado/crema-de-calabaza-ecologica-carrefour-bio-500-ml/R-fprod1360022/p,Crema de calabaza ecológica Carrefour Bio 500 ml.,"3,09 €",,"6,18 €/l",,La Despensa,"Conservas, Sopas y Precocinados","Caldos, Sopas y Pure",https://static.carrefour.es/hd_510x_/img_pim_food/338840_00_1.jpg
https://www.carrefour.es/supermercado/aceitunas-verdes-manzanilla-sin-hueso-bajo-contenido-en-sal-carrefour-400-g/R-VC4AECOMM-487688/p,Aceitunas verdes manzanilla sin hueso bajo contenido en sal Carrefour 400 g.,"3,75 €",,"9,37 €/kg",,La Despensa,Aperitivos,Aceitunas y Encurtidos,https://static.carrefour.es/hd_510x_/img_pim_food/487688_00_1.jpg
https://www.carrefour.es/supermercado/cebolla-frita-crujiente-sensation-carrefour-150-g/R-VC4AECOMM-729546/p,Cebolla frita crujiente Sensation Carrefour 150 g.,"1,15 €",,"7,67 €/kg",,La Despensa,Alimentación,Especias y Sazonadores,https://static.carrefour.es/hd_510x_/img_pim_food/729546_00_1.jpg
https://www.carrefour.es/supermercado/lavavajillas-a-maquina-en-pastillas-power-all-in-1-powerball-finish-48-ud/R-VC4AECOMM-373844/p,Lavavajillas a máquina en pastillas power all in 1 Powerball Finish 48 ud.,"15,35 €",,"0,44 €/lavado",,Limpieza y Hogar,Productos para Cocina,Lavavajillas a máquina,https://static.carrefour.es/hd_510x_/img_pim_food/373844_00_1.jpg
https://www.carrefour.es/supermercado/caja-de-6-botellas-de-vino-tinto-de-autor-seda-75-cl/R-VC4AECOMM-348257/p,Caja 6 Bot. Seda Tinto,"24,90 €",,"24,90 €/ud",,,,,https://static.carrefour.es/hd_510x_/img_pim_food/348257_00_1.jpg
https://www.carrefour.es/supermercado/limpia-vitroceramcrf-pist-500/R-528412846/p,LIMPIA VITROCERAM.CRF PIST 500,"1,75 €",,"3,50 €/l",,Limpieza y Hogar,Productos para Cocina,Vitrocerámicas e Inducción,https://static.carrefour.es/hd_510x_/img_pim_food/147552_00_1.jpg
https://www.carrefour.es/supermercado/laca-elnett-cab-teidos-400ml/R-520663411/p,LACA ELNETT CAB. TE?IDOS 400ML,"8,09 €",,"2,02 €/100ml",,Perfumería e Higiene,Cabello,Fijadores,https://static.carrefour.es/hd_510x_/img_pim_food/358034_00_1.jpg
https://www.carrefour.es/supermercado/wrap-de-pizza-y-cheesy-bacon-king-upp-el-pozo-160-g/R-VC4AECOMM-393320/p,Wrap de pizza y cheesy bacon King upp El Pozo 160 g.,"1,99 €",,"12,44 €/kg",,La Despensa,"Conservas, Sopas y Precocinados",Platos Preparados,https://static.carrefour.es/hd_510x_/img_pim_food/393320_00_1.jpg
https://www.carrefour.es/supermercado/crema-hidratante-nivea-75-ml/R-546306628/p,Crema hidratante Nivea 75 ml.,"2,75 €",,"3,67 €/100ml",,Perfumería e Higiene,Cuidado y Protección Corporal,"Body Milk, Hidratación Bajo la Ducha",https://static.carrefour.es/hd_510x_/img_pim_food/255743_00_1.jpg
https://www.carrefour.es/supermercado/paella-de-verduras-y-pollo-carretilla-sin-gluten-250-g/R-529039508/p,Paella de verduras y pollo Carretilla sin gluten 250 g.,"3,09 €",,"12,36 €/kg",,La Despensa,"Conservas, Sopas y Precocinados",Platos Tradicionales,https://static.carrefour.es/hd_510x_/img_pim_food/154733_00_1.jpg
https://www.carrefour.es/supermercado/limpiador-antical-liquido-viakal-clasico-spray-700-ml/R-521001234/p,Limpiador antical líquido Viakal Clásico spray 700 ml.,"4,69 €",,"6,70 €/l",,Limpieza y Hogar,Productos para Baño,Limpiadores Antical Baño,https://static.carrefour.es/hd_510x_/img_pim_food/699611_00_1.jpg
https://www.carrefour.es/supermercado/almejas-blancas-al-natural-dani-63-g/R-733937411/p,Almejas blancas al natural Dani 63 g.,"3,09 €",,"49,05 €/kg",,La Despensa,"Conservas, Sopas y Precocinados",Conservas de Pescado y Marisco,https://static.carrefour.es/hd_510x_/img_pim_food/692503_00_1.jpg
https://www.carrefour.es/supermercado/mazapan-surtido-sin-azucar-350-g/R-fprod1460442/p,Mazapán surtido sin azúcar 350 g,"5,99 €",,"17,11 €/kg",,Productos Frescos,Panadería Tradicional,Bollería Tradicional,https://static.carrefour.es/hd_510x_/img_pim_food/400469_00_1.jpg
https://www.carrefour.es/supermercado/alubias-a-la-vasca-litoral-sin-gluten-430-g/R-521006711/p,Alubias a la vasca Litoral sin gluten 430 g.,"3,09 €",,"7,19 €/kg",,La Despensa,"Conservas, Sopas y Precocinados",Platos Tradicionales,https://static.carrefour.es/hd_510x_/img_pim_food/102355_00_1.jpg
https://www.carrefour.es/supermercado/cerveza-negra-bock-damm-munich-lata-33-cl/R-521028206/p,Cerveza negra Bock-Damm Munich lata 33 cl.,"1,10 €",,"3,33 €/l",,Bebidas,Cerveza,Negra,https://static.carrefour.es/hd_510x_/img_pim_food/538933_00_1.jpg
https://www.carrefour.es/supermercado/caramelos-blandos-sabor-frutos-rojos-sin-azucar-virginias-sin-gluten-y-sin-lactosa-110-g/R-VC4AECOMM-135294/p,Caramelos blandos sabor frutos rojos sin azúcar Virginias sin gluten y sin lactosa 110 g.,"2,19 €",,"19,91 €/kg",,La Despensa,Dulce,Dulces y Golosinas,https://static.carrefour.es/hd_510x_/img_pim_food/135294_00_1.jpg
https://www.carrefour.es/supermercado/chipirones-rellenos-en-salsa-americana-classic-carrefour-sin-gluten-72-g/R-VC4AECOMM-080431/p,Chipirones rellenos en salsa americana Classic Carrefour sin gluten 72 g.,"2,65 €",,"36,81 €/kg",,La Despensa,"Conservas, Sopas y Precocinados",Conservas de Pescado y Marisco,https://static.carrefour.es/hd_510x_/img_pim_food/080431_00_1.jpg
https://www.carrefour.es/supermercado/bombones-surtidos-de-chocolate-nestle-caja-roja-estuche-44-ud/R-521005000/p,Bombones surtidos de chocolate Nestlé Caja Roja estuche 44 ud.,"11,89 €",,"29,72 €/kg",,,,,https://static.carrefour.es/hd_510x_/img_pim_food/001996_00_1.jpg
https://www.carrefour.es/supermercado/sal-yodada-roca-1-kg/R-538001438/p,Sal yodada Roca 1 kg.,"0,69 €",,"0,69 €/kg",,La Despensa,Alimentación,Sales y Bicarbonatos,https://static.carrefour.es/hd_510x_/img_pim_food/028771_00_1.jpg
https://www.carrefour.es/supermercado/merluza-al-natural-extra-carrefour-70-g/R-VC4AECOMM-156242/p,Merluza al natural Extra Carrefour 70 g.,"2,09 €",,"29,86 €/kg",,La Despensa,"Conservas, Sopas y Precocinados",Conservas de Pescado y Marisco,https://static.carrefour.es/hd_510x_/img_pim_food/156242_00_1.jpg
https://www.carrefour.es/supermercado/coloracion-permanente-sin-amoniaco-cabellos-delicados-n-50-castano-claro-colour-clinuance-cleare-institute-1-ud/R-prod170101/p,Coloración permanente sin amoniaco cabellos delicados nº 5.0 castaño claro Colour Clinuance Clearé Institute 1 ud.,"6,89 €",,"6,89 €/ud",,Parafarmacia,Cabello,Tintes,https://static.carrefour.es/hd_510x_/img_pim_food/236114_00_1.jpg
https://www.carrefour.es/supermercado/altramuces-carrefour-440-g/R-VC4AECOMM-593593/p,Altramuces Carrefour 440 g.,"1,75 €",,"3,98 €/kg",,La Despensa,Aperitivos,Aceitunas y Encurtidos,https://static.carrefour.es/hd_510x_/img_pim_food/593593_00_1.jpg
https://www.carrefour.es/supermercado/maiz-frito-y-salado-carrefour-200-g/R-521003634/p,Maíz frito y salado Carrefour 200 g.,"1,40 €",,"7,00 €/kg",,La Despensa,Aperitivos,Frutos Secos,https://static.carrefour.es/hd_510x_/img_pim_food/747156_00_1.jpg
https://www.carrefour.es/supermercado/mascara-de-pestanas-colossal-go-extreme-waterproof-maybelline-1-ud/R-800534911/p,Mascara de pestañas Colossal Go Extreme Waterproof Maybelline 1 ud.,"10,79 €",,"10,79 €/ud",,Perfumería e Higiene,Cosmética,Ojos,https://static.carrefour.es/hd_510x_/img_pim_food/905855_00_1.jpg
https://www.carrefour.es/supermercado/miel-de-flores-antigoteo-origen-espana-original-carrefour-500-g/R-VC4AECOMM-288101/p,Miel de flores antigoteo origen España Original Carrefour 500 g.,"4,35 €",,"8,70 €/kg",,La Despensa,Dulce,Miel,https://static.carrefour.es/hd_510x_/img_pim_food/288101_00_1.jpg
https://www.carrefour.es/supermercado/palmera-250-g/R-526010669/p,Palmera 250 g,"2,95 €",,"11,80 €/kg",,Productos Frescos,Panadería Tradicional,Bollería Tradicional,https://static.carrefour.es/hd_510x_/img_pim_food/502949_00_1.jpg
https://www.carrefour.es/supermercado/aceite-de-oliva-virgen-carbonell-1-l/R-617301580/p,Aceite de oliva virgen Carbonell 1 l.,"11,95 €",,"11,95 €/l",,La Despensa,Alimentación,Aceites y vinagres,https://static.carrefour.es/hd_510x_/img_pim_food/659365_00_1.jpg
https://www.carrefour.es/supermercado/maquinillas-desechables-blue-ii-maximum-gillette-8-ud/R-VC4AECOMM-103959/p,Maquinillas desechables Blue II Maximum Gillette 8 ud.,"9,85 €",,"1,23 €/ud",,Perfumería e Higiene,Depilación y Afeitado,Maquinillas y Recambios,https://static.carrefour.es/hd_510x_/img_pim_food/103959_00_1.jpg
https://www.carrefour.es/supermercado/crema-de-avellanas-y-cacao-sin-aceite-de-palma-ecologica-carrefour-350-g/R-fprod1460600/p,Crema de avellanas y cacao sin aceite de palma ecológica Carrefour 350 g.,"3,89 €",,"11,11 €/kg",,La Despensa,Dulce,"Cremas de Cacao, Avellana y Cacahuete",
https://www.carrefour.es/supermercado/leche-infantil-de-continuacion-desde-6-meses-en-polvo-nestle-nan-optipro-2-1200-g/R-VC4AECOMM-708332/p,Leche infantil de continuación desde 6 meses en polvo Nestlé Nan Optipro 2 1200 g.,"27,70 €",,"23,08 €/kg",,Parafarmacia,Bebé,Leche infantil,https://static.carrefour.es/hd_510x_/img_pim_food/708332_00_1.jpg
https://www.carrefour.es/supermercado/la-gula-del-norte-pack-de-3-unidades-de-200-g/R-525603495/p,La Gula del Norte pack de 3 unidades de 200 g.,"12,89 €",,"21,48 €/kg",,Productos Frescos,Pescadería,Surimi y Elaborados,https://static.carrefour.es/hd_510x_/img_pim_food/790627_00_1.jpg
https://www.carrefour.es/supermercado/crema-reparadora-corporal-con-manteca-de-cacao-soft-carrefour-400-ml/R-VC4AECOMM-440444/p,Crema reparadora corporal con manteca de cacao Soft Carrefour 400 ml.,"4,49 €",,"1,12 €/100ml",,Perfumería e Higiene,Cuidado y Protección Corporal,"Body Milk, Hidratación Bajo la Ducha",https://static.carrefour.es/hd_510x_/img_pim_food/440444_00_1.jpg
https://www.carrefour.es/supermercado/complemento-alimenticio-sabor-chocolate-ensure-nutrivigor-850-g/R-prod330522/p,Complemento alimenticio sabor chocolate Ensure NutriVigor 850 g.,"29,70 €",,"34,94 €/kg",,Parafarmacia,Nutrición y Dietética,Complementos Vitamínicos,https://static.carrefour.es/hd_510x_/img_pim_food/890040_00_1.jpg
https://www.carrefour.es/supermercado/bifidus-cremoso-desnatado-sabor-vainilla-danone-activia-sin-gluten-y-sin-azucar-anadido-pack-de-4-unidades-de-115-g/R-832908159/p,Bífidus cremoso desnatado sabor vainilla Danone Activia sin gluten y sin azúcar añadido pack de 4 unidades de 115 g.,"1,98 €",,"4,30 €/kg",,La Despensa,Yogures y Postres,Bífidus,https://static.carrefour.es/hd_510x_/img_pim_food/945409_00_1.jpg
https://www.carrefour.es/supermercado/taco-de-bacalao-extra-al-punto-de-sal-congelado-400-g/R-640301723/p,Taco de bacalao extra al punto de sal congelado 400 g,"6,35 €",,"15,87 €/kg",,Congelados,Pescados Congelados,,https://static.carrefour.es/hd_510x_/img_pim_food/754221_00_1.jpg
https://www.carrefour.es/supermercado/brocoli-ecologico-carrefour-bio-350-g/R-597201489/p,Brócoli ecológico Carrefour Bio 350 g,"2,23 €",,"2,23 €/ud",,Productos Frescos,Verduras y hortalizas,Hortalizas,https://static.carrefour.es/hd_510x_/img_pim_food/038262_00_1.jpg
https://www.carrefour.es/supermercado/ambientador-automatico-lavanda-recambio-glade-by-brise-1-ud/R-784529341/p,Ambientador automático lavanda recambio Glade by brise 1 ud.,"6,79 €",,"3,39 €/ud",,Limpieza y Hogar,Ambientadores,Automáticos,https://static.carrefour.es/hd_510x_/img_pim_food/874240_00_1.jpg
https://www.carrefour.es/supermercado/patatas-fritas-en-aceite-de-oliva-bajo-contenido-de-sal-extra-carrefour-150-g/R-521003713/p,Patatas fritas en aceite de oliva bajo contenido de sal Extra Carrefour 150 g.,"2,05 €",,"13,67 €/kg",,La Despensa,Aperitivos,Patatas Fritas,https://static.carrefour.es/hd_510x_/img_pim_food/576091_00_1.jpg
https://www.carrefour.es/supermercado/chorizo-cular-salamanca-emb-diaz-500-g-aprox/R-590501766/p,Chorizo cular Salamanca Emb. Díaz 500 g aprox,"9,27 €",,"18,55 €/kg",,Productos Frescos,Charcutería,"Chorizo, Lomo y Otros",https://static.carrefour.es/hd_510x_/img_pim_food/079805_00_1.jpg
https://www.carrefour.es/supermercado/dentifrico-proteccion-bucodental-integral-de-dientes-y-encias-triple-accion-lacer-oros-pack-de-2-unidades-de-125-ml/R-VC4AECOMM-568350/p,Dentífrico protección bucodental integral de dientes y encías triple acción Lacer Oros pack de 2 unidades de 125 ml.,"11,79 €",,"4,72 €/100ml",,Parafarmacia,Higiene Bucal,Pasta de dientes,https://static.carrefour.es/hd_510x_/img_pim_food/568350_00_1.jpg
https://www.carrefour.es/supermercado/fideos-orientales-teriyaki-fusian-maggi-130-g/R-VC4AECOMM-058319/p,Fideos orientales teriyaki Fusian Maggi 130 g.,"2,15 €",,"16,54 €/kg",,La Despensa,"Conservas, Sopas y Precocinados",Platos Preparados,https://static.carrefour.es/hd_510x_/img_pim_food/058319_00_1.jpg
https://www.carrefour.es/supermercado/maquinillas-desechables-para-hombre-blue3-sensitive-gillette-8-ud/R-VC4AECOMM-157887/p,Maquinillas desechables para hombre Blue3 Sensitive Gillette 8 ud.,"12,45 €",,"1,24 €/ud",,Perfumería e Higiene,Depilación y Afeitado,Maquinillas y Recambios,https://static.carrefour.es/hd_510x_/img_pim_food/157887_00_1.jpg
https://www.carrefour.es/supermercado/tortitas-de-maiz-bicentury-sin-gluten-130-g/R-521003881/p,Tortitas de maíz Bicentury sin gluten 130 g.,"1,93 €",,"14,85 €/kg",,La Despensa,Aperitivos,Tortitas,https://static.carrefour.es/hd_510x_/img_pim_food/682018_00_1.jpg
https://www.carrefour.es/supermercado/pizza-chorizo-jamon-y-bacon-carrefour-classic-400-g/R-fprod1360349/p,"Pizza chorizo, jamón y bacon Carrefour Classic' 400 g.","2,75 €",,"6,87 €/kg",,La Despensa,"Conservas, Sopas y Precocinados",Pizzas,https://static.carrefour.es/hd_510x_/img_pim_food/341915_00_1.jpg
https://www.carrefour.es/supermercado/croissant-classic-carrefour-no-gluten-sin-gluten-200-g/R-VC4AECOMM-589679/p,Croissant Classic Carrefour No Gluten¡ sin gluten 200 g.,"3,25 €",,"16,25 €/kg",,La Despensa,"Panaderia, Bollería y Pastelería",Bollería,https://static.carrefour.es/hd_510x_/img_pim_food/589679_00_1.jpg
https://www.carrefour.es/supermercado/mayonesa-con-trufa-heinz-envase-220-g/R-VC4AECOMM-549356/p,Mayonesa con trufa Heinz envase 220 g.,"3,39 €",,"15,41 €/l",,La Despensa,Alimentación,Salsas y Tomate Frito,https://static.carrefour.es/hd_510x_/img_pim_food/549356_00_1.jpg
https://www.carrefour.es/supermercado/barrita-de-proteina-de-suero-de-leche-y-avena-sabor-chocolate-prozis-80-g/R-prod830125/p,Barrita de proteína de suero de leche y avena sabor chocolate Prozis 80 g.,"1,37 €",,"17,12 €/kg",,La Despensa,Alimentación,Nutrición deportiva,https://static.carrefour.es/hd_510x_/img_pim_food/285434_00_1.jpg
https://www.carrefour.es/supermercado/compresas-para-incontinencia-normal-discreet-indasec-24-ud/R-521000582/p,Compresas para incontinencia normal Discreet Indasec 24 ud.,"6,99 €",,"0,29 €/ud",,Perfumería e Higiene,Higiene íntima,Incontinencia,https://static.carrefour.es/hd_510x_/img_pim_food/595731_00_1.jpg
https://www.carrefour.es/supermercado/panino-hot-dog-nutrifree-sin-gluten-130-g/R-VC4AECOMM-403048/p,Panino hot dog Nutrifree sin gluten 130 g,"4,75 €",,"36,54 €/kg",,La Despensa,"Panaderia, Bollería y Pastelería","Colines, picos y crakers",https://static.carrefour.es/hd_510x_/img_pim_food/403048_00_1.jpg
https://www.carrefour.es/supermercado/cafe-con-leche-en-capsulas-starbucks-compatible-con-dolce-gusto-12-ud/R-VC4AECOMM-625167/p,Café con leche en cápsulas Starbucks compatible con Dolce Gusto 12 ud.,"5,55 €",,"45,87 €/kg",,La Despensa,Desayuno,Cafés,https://static.carrefour.es/hd_510x_/img_pim_food/625167_00_1.jpg
https://www.carrefour.es/supermercado/pilas-de-litio-de-boton-2016-duracell-especiales-paquete-de-2/R-prod880519/p,"Pilas de Litio de botón 2016 Duracell Especiales, paquete de 2","4,19 €",,"2,09 €/ud",,Limpieza y Hogar,Bazar,Pilas,https://static.carrefour.es/hd_510x_/img_pim_food/981498_00_1.jpg
https://www.carrefour.es/supermercado/mix-de-frutos-secos-crudos-y-arandanos-ecologico-carrefour-bio-doy-pack-125-g/R-VC4AECOMM-464764/p,Mix de frutos secos crudos y arándanos ecológico Carrefour Bio doy pack 125 g.,"3,29 €",,"26,32 €/kg",,La Despensa,Aperitivos,Frutos Secos,https://static.carrefour.es/hd_510x_/img_pim_food/464764_00_1.jpg
https://www.carrefour.es/supermercado/te-verde-en-bolsitas-pompadour-25-ud/R-521003195/p,Té verde en bolsitas Pompadour 25 ud.,"2,95 €",,"77,63 €/kg",,La Despensa,Desayuno,Infusiones y Tés,https://static.carrefour.es/hd_510x_/img_pim_food/236616_00_1.jpg
https://www.carrefour.es/supermercado/crocanti-de-almendras-con-caramelo-vahine-100-g/R-521004480/p,Crocanti de almendras con caramelo Vahiné 100 g.,"4,15 €",,"33,20 €/kg",,La Despensa,Dulce,"Siropes, Aromas y Decoración",https://static.carrefour.es/hd_510x_/img_pim_food/216239_00_1.jpg
https://www.carrefour.es/supermercado/bolsas-de-basura-envases-plastico-reciclado-carrefour-essential-30-l-30-ud/R-VC4AECOMM-448043/p,Bolsas de Basura Envases Plástico Reciclado CARREFOUR Essential 30 l. 30 ud,"1,65 €",,"0,05 €/ud",,Limpieza y Hogar,Utensilios de Limpieza,Bolsas de Basura,https://static.carrefour.es/hd_510x_/img_pim_food/448043_00_1.jpg
https://www.carrefour.es/supermercado/gel-de-ducha-hidratante-protector-cuidado-experto-sanex-recambio-950-ml/R-VC4AECOMM-624128/p,Gel de ducha hidratante Protector Cuidado Experto Sanex recambio 950 ml.,"4,29 €",,"0,45 €/100ml",,Perfumería e Higiene,Baño e Higiene Corporal,Geles de Baño,https://static.carrefour.es/hd_510x_/img_pim_food/624128_00_1.jpg
https://www.carrefour.es/supermercado/serum-antiarrugas-extrafirmeza-revitalift-loreal-30-ml/R-836506927/p,Serum antiarrugas + extrafirmeza Revitalift L'Oréal 30 ml.,"11,25 €",,"37,50 €/100ml",,Perfumería e Higiene,Cuidado y Protección Corporal,Piel,https://static.carrefour.es/hd_510x_/img_pim_food/970047_00_1.jpg
https://www.carrefour.es/supermercado/relleno-para-fajitas-con-pollo-y-verduras-old-el-paso-300-g/R-657901869/p,Relleno para fajitas con pollo y verduras Old El Paso 300 g.,"3,85 €",,"12,83 €/kg",,Congelados,Rebozados y Platos Preparados,,https://static.carrefour.es/hd_510x_/img_pim_food/310206_00_1.jpg
https://www.carrefour.es/supermercado/bifidus-desnatado-con-manzana-carrefour-classic-sin-gluten-y-sin-azucar-anadido-pack-de-4-unidades-de-125-g/R-521029600/p,Bífidus desnatado con manzana Carrefour Classic´ sin gluten y sin azúcar añadido pack de 4 unidades de 125 g.,"1,30 €",,"2,60 €/kg",,La Despensa,Yogures y Postres,Bífidus,https://static.carrefour.es/hd_510x_/img_pim_food/536259_00_1.jpg
https://www.carrefour.es/supermercado/galletas-avena-choco-ecologicas-digestive-gullon-270-g/R-prod1040845/p,Galletas avena choco ecológicas Digestive Gullón 270 g.,"4,29 €",,"15,89 €/kg",,La Despensa,Desayuno,Galletas,https://static.carrefour.es/hd_510x_/img_pim_food/116922_00_1.jpg
https://www.carrefour.es/supermercado/tarrito-de-verduritas-con-pollo-y-ternera-desde-6-meses-hero-baby-sin-gluten-235-g/R-521033512/p,Tarrito de verduritas con pollo y ternera desde 6 meses Hero Baby sin gluten 235 g.,"1,80 €",,"7,66 €/kg",,Bebé,Alimentación infantil,Tarritos y Platos Preparados,https://static.carrefour.es/hd_510x_/img_pim_food/002402_00_1.jpg
https://www.carrefour.es/supermercado/queso-parmesano-reggiano-ecologico-carrefour-bio-cuna-de-150-g/R-VC4AECOMM-688432/p,Queso parmesano reggiano ecológico Carrefour Bio cuña de 150 g,"6,75 €",,"45,00 €/kg",,Productos Frescos,Quesos,Todos los Quesos,https://static.carrefour.es/hd_510x_/img_pim_food/688432_00_1.jpg
https://www.carrefour.es/supermercado/vino-tinto-crianza-tempranillo-puerta-de-hierro-do-vinos-de-madrid-75-cl/R-590212093/p,Puerta De Hierro Crianza 2019,"4,75 €",,"4,75 €/ud",,Bebidas,Vinos,Tinto,https://static.carrefour.es/hd_510x_/img_pim_food/383827_00_1.jpg
https://www.carrefour.es/supermercado/chitosan-en-capsulas-sanon-80-ud/R-595501975/p,Chitosán en cápsulas Sanon 80 ud.,"9,75 €",,"26,35 €/100g",,Parafarmacia,Nutrición y Dietética,Complementos Vitamínicos,https://static.carrefour.es/hd_510x_/img_pim_food/351206_00_1.jpg
https://www.carrefour.es/supermercado/lomo-al-ajillo-con-patatas-asadas-carretilla-sin-gluten-sin-aceite-de-palma-250-g/R-804260201/p,Lomo al ajillo con patatas asadas Carretilla sin gluten sin aceite de palma 250 g.,"4,49 €",,"17,96 €/kg",,La Despensa,"Conservas, Sopas y Precocinados",Platos Tradicionales,https://static.carrefour.es/hd_510x_/img_pim_food/903681_00_1.jpg
https://www.carrefour.es/supermercado/agua-oxigenada-orby-250-ml/R-VC4AECOMM-230019/p,Agua oxigenada Orb´y 250 ml.,"1,13 €",,"0,45 €/100ml",,Parafarmacia,Botiquín,Antisépticos y Talcos,https://static.carrefour.es/hd_510x_/img_pim_food/230019_00_1.jpg
https://www.carrefour.es/supermercado/especialidad-vegana-rallada-sabor-cheddar-y-mozzarella-nurishh-sin-gluten-y-sin-lactosa-150-g/R-VC4AECOMM-645006/p,Especialidad vegana rallada sabor cheddar y mozzarella Nurishh sin gluten y sin lactosa 150 g.,"3,45 €",,"23,00 €/kg",,Productos Frescos,Quesos,Rallados,https://static.carrefour.es/hd_510x_/img_pim_food/645006_00_1.jpg
https://www.carrefour.es/supermercado/chorizo-dulce-extra-en-sarta-melquiades-sin-gluten-y-sin-lactosa-500-g/R-VC4AECOMM-612858/p,Chorizo dulce extra en sarta Melquiades sin gluten y sin lactosa 500 g,"8,89 €",,"17,78 €/kg",,Productos Frescos,Charcutería,"Chorizo, Lomo y Otros",https://static.carrefour.es/hd_510x_/img_pim_food/612858_00_1.jpg
https://www.carrefour.es/supermercado/remolacha-rodajas-ecologica-carrefour-bio-220-g/R-546306832/p,Remolacha rodajas ecológica Carrefour Bio 220 g.,"1,65 €",,"7,86 €/kg",,La Despensa,"Conservas, Sopas y Precocinados",Conservas de Vegetales,https://static.carrefour.es/hd_510x_/img_pim_food/509303_00_1.jpg
https://www.carrefour.es/supermercado/helado-de-fresas-y-crema-haagen-dazs-sin-gluten-460-ml/R-prod1000106/p,Helado de fresas y crema Häagen Dazs sin gluten 460 ml.,"7,25 €",,"18,12 €/kg",,Congelados,Helados,Tarrinas,https://static.carrefour.es/hd_510x_/img_pim_food/075584_00_1.jpg
https://www.carrefour.es/supermercado/salchichon-de-pavo-el-pozo-80-g/R-VC4AECOMM-710175/p,Salchichón de pavo El Pozo 80 g.,"0,99 €",,"15,23 €/kg",,Productos Frescos,Charcutería,"Salchichón, Salami y Fuet",https://static.carrefour.es/hd_510x_/img_pim_food/710175_00_1.jpg
https://www.carrefour.es/supermercado/ajo-y-perejil-picado-carrefour-50-g/R-fprod1410024/p,Ajo y perejil picado Carrefour 50 g.,"1,75 €",,"35,00 €/kg",,Congelados,Verduras Congeladas,,https://static.carrefour.es/hd_510x_/img_pim_food/359723_00_1.jpg
https://www.carrefour.es/supermercado/yogur-infantil-de-yogurin-con-fresa-y-platano-hero-mi-merienda-sin-gluten-y-sin-azucar-anadido-pack-4-unidades-de-100-g/R-prod1022845/p,Yogur infantil de yogurín con fresa y plátano Hero Mi Merienda sin gluten y sin azúcar añadido pack 4 unidades de 100 g.,"5,05 €",,"12,62 €/kg",,Bebé,Alimentación infantil,"Postres, Zumos, Petit y Yogures Infantiles",https://static.carrefour.es/hd_510x_/img_pim_food/103176_00_1.jpg
https://www.carrefour.es/supermercado/gorro-de-ducha-ponette-1-ud/R-fprod1460619/p,Gorro de ducha Ponette 1 ud.,"3,09 €",,"3,09 €/ud",,Perfumería e Higiene,Cabello,"Cepillos, Peines y Accesorios",https://static.carrefour.es/hd_510x_/img_pim_food/403995_00_1.jpg
https://www.carrefour.es/supermercado/esencia-fusion-para-humidificador-spa-ambar-50-ml/R-VC4AECOMM-555729/p,Esencia fusión para humidificador spa Ambar 50 ml.,"2,25 €",,"45,00 €/l",,Limpieza y Hogar,Ambientadores,Decorativos,https://static.carrefour.es/hd_510x_/img_pim_food/555729_00_1.jpg
https://www.carrefour.es/supermercado/arena-absorbente-attractive-cats-636-kg/R-720868164/p,Arena Absorbente Attractive Cats 6.36 Kg,"19,90 €",,"3,13 €/kg",,Mascotas,Gatos,Arena,https://static.carrefour.es/hd_510x_/img_pim_food/753168_00_1.jpg
https://www.carrefour.es/supermercado/colorantes-alimentarios-vahine-3-ud/R-546305890/p,Colorantes alimentarios Vahiné 3 ud.,"3,19 €",,"177,22 €/kg",,La Despensa,Dulce,"Siropes, Aromas y Decoración",https://static.carrefour.es/hd_510x_/img_pim_food/039002_00_1.jpg
https://www.carrefour.es/supermercado/pizza-de-jamon-y-queso-simpl-330-g/R-prod210356/p,Pizza de jamón y queso Simpl 330 g.,"2,35 €",,"7,12 €/kg",,La Despensa,"Conservas, Sopas y Precocinados",Pizzas,https://static.carrefour.es/hd_510x_/img_pim_food/262046_00_1.jpg
https://www.carrefour.es/supermercado/canela-en-rama-carmencita-5-ud/R-521005043/p,Canela en rama Carmencita 5 ud.,"3,55 €",,"197,22 €/kg",,La Despensa,Alimentación,Especias y Sazonadores,https://static.carrefour.es/hd_510x_/img_pim_food/002158_00_1.jpg
https://www.carrefour.es/supermercado/pizza-margarita-schar-sin-gluten-sin-lactosa-300-g/R-823818549/p,Pizza margarita Schär sin gluten sin lactosa 300 g.,"4,49 €",,"14,97 €/kg",,Congelados,Pizzas Congeladas,,https://static.carrefour.es/hd_510x_/img_pim_food/955599_00_1.jpg
https://www.carrefour.es/supermercado/laca-de-unas-60-seconds-n-708-rimmel-1-ud/R-prod1130482/p,Laca de uñas 60 seconds nº 708 Rimmel 1 ud.,"2,65 €",,"2,65 €/ud",,Perfumería e Higiene,Cosmética,Uñas,https://static.carrefour.es/hd_510x_/img_pim_food/183566_00_1.jpg
https://www.carrefour.es/supermercado/sobrasada-de-mallorca-el-zagal-200-g/R-VC4AECOMM-709443/p,Sobrasada de Mallorca El Zagal 200 g.,"2,95 €",,"14,75 €/kg",,Productos Frescos,Charcutería,"Foie, Patés y Sobrasadas",https://static.carrefour.es/hd_510x_/img_pim_food/709443_00_1.jpg
https://www.carrefour.es/supermercado/preparado-para-tortitas-y-crepes-carrefour-200-g/R-fprod1250112/p,Preparado para tortitas y crepes Carrefour 200 g.,"1,99 €",,"9,95 €/kg",,La Despensa,Dulce,Repostería,https://static.carrefour.es/hd_510x_/img_pim_food/299469_00_1.jpg
https://www.carrefour.es/supermercado/set-2-estropajos-fibra-con-esponja-antibacterias-vileda-ultra-fresh/R-prod380779/p,Set 2 Estropajos Fibra con Esponja Antibacterias VILEDA Ultra Fresh,"3,09 €",,"1,54 €/ud",,Limpieza y Hogar,Utensilios de Limpieza,Estropajos,https://static.carrefour.es/hd_510x_/img_pim_food/450053_00_1.jpg
https://www.carrefour.es/supermercado/albahaca-en-hoja-carrefour-15-g/R-prod710290/p,Albahaca en hoja Carrefour 15 g.,"0,94 €",,"62,67 €/kg",,La Despensa,Alimentación,Especias y Sazonadores,https://static.carrefour.es/hd_510x_/img_pim_food/851258_00_1.jpg
https://www.carrefour.es/supermercado/almendra-garrapinada-extra-carrefour-sin-gluten-200-g/R-prod1160449/p,Almendra garrapiñada Extra Carrefour sin gluten 200 g.,"2,95 €",,"14,75 €/kg",,La Despensa,Aperitivos,Frutos Secos,https://static.carrefour.es/hd_510x_/img_pim_food/095171_00_1.jpg
https://www.carrefour.es/supermercado/queso-le-pave-ocre-reflets-de-france-carrefour-220-g/R-VC4AECOMM-684042/p,Queso Le Pavé Ocre Reflets de France Carrefour 220 g,"3,99 €",,"18,14 €/kg",,Productos Frescos,Quesos,Todos los Quesos,https://static.carrefour.es/hd_510x_/img_pim_food/684042_00_1.jpg
https://www.carrefour.es/supermercado/crema-al-cacao-con-avellanas-milka-340-g/R-VC4AECOMM-570271/p,Crema al cacao con avellanas Milka 340 g.,"3,25 €",,"9,56 €/kg",,La Despensa,Dulce,"Cremas de Cacao, Avellana y Cacahuete",https://static.carrefour.es/hd_510x_/img_pim_food/570271_00_1.jpg
https://www.carrefour.es/supermercado/almendra-cascara-tostada-carrefour-bolsa-de-300-g/R-prod1070663/p,Almendra cascara tostada Carrefour bolsa de 300 g,"5,09 €",,"16,97 €/kg",,La Despensa,Aperitivos,Frutos Secos,https://static.carrefour.es/hd_510x_/img_pim_food/142261_00_1.jpg
https://www.carrefour.es/supermercado/vino-fino-crianza-bajo-velo-flor-palomino-fino-la-ina-do-jerez-75-cl/R-520662932/p,La Ina Fino,"7,45 €",,"7,45 €/ud",,,,,https://static.carrefour.es/hd_510x_/img_pim_food/000285_00_1.jpg
https://www.carrefour.es/supermercado/verduras-para-micro-brocoli-zanahoria-y-puerro-florette-300-g/R-prod160390/p,"Verduras para micro brócoli, zanahoria y puerro Florette 300 g","1,89 €",,"6,30 €/kg",,Productos Frescos,Verduras y hortalizas,Ensaladas y Verduras Preparadas,https://static.carrefour.es/hd_510x_/img_pim_food/219581_00_1.jpg
https://www.carrefour.es/supermercado/papel-higienico-megarollo-scottex-24-rollos/R-767508510/p,Papel higiénico Megarollo Scottex 24 rollos,"15,99 €",,"0,67 €/ud",,Limpieza y Hogar,Papel y Celulosa,Papel Higiénico,https://static.carrefour.es/hd_510x_/img_pim_food/775980_00_1.jpg
https://www.carrefour.es/supermercado/caldo-de-pollo-carrefour-sin-gluten-pack-de-4-briks-de-1-l/R-prod700433/p,Caldo de pollo Carrefour sin gluten pack de 4 briks de 1 l.,"2,59 €",,"0,65 €/l",,La Despensa,"Conservas, Sopas y Precocinados","Caldos, Sopas y Pure",https://static.carrefour.es/hd_510x_/img_pim_food/848799_00_1.jpg
https://www.carrefour.es/supermercado/codornices-partidas-y-marinadas-circulo-de-calidad-260-g/R-prod301415/p,Codornices partidas y marinadas Círculo de Calidad 260 g,"4,49 €",,"17,27 €/kg",,Productos Frescos,Carnicería,Aves y Pollo,https://static.carrefour.es/hd_510x_/img_pim_food/359183_00_1.jpg
https://www.carrefour.es/supermercado/cafe-soluble-natural-con-crema-nescafe-200-g/R-677310439/p,Café soluble natural con crema Nescafé 200 g.,"7,15 €",,"35,75 €/kg",,La Despensa,Desayuno,Cafés,https://static.carrefour.es/hd_510x_/img_pim_food/039617_00_1.jpg
https://www.carrefour.es/supermercado/salvado-de-trigo-carrefour-200-g/R-794110932/p,Salvado de trigo Carrefour 200 g.,"1,08 €",,"5,40 €/kg",,La Despensa,Alimentación,Vitaminas y Complementos,https://static.carrefour.es/hd_510x_/img_pim_food/892898_00_1.jpg
https://www.carrefour.es/supermercado/salsa-barbacoa-original-bulls-eye-botella-300-ml/R-fprod1180039/p,Salsa barbacoa original Bull's Eye botella 300 ml.,"4,15 €",,"13,83 €/l",,La Despensa,Alimentación,Salsas y Tomate Frito,https://static.carrefour.es/hd_510x_/img_pim_food/217864_00_1.jpg
https://www.carrefour.es/supermercado/garbanzos-cocidos-categoria-extra-carrefour-400-g/R-521005495/p,Garbanzos cocidos categoría extra Carrefour 400 g.,"0,71 €",,"1,77 €/kg",,La Despensa,Alimentación,Legumbres,https://static.carrefour.es/hd_510x_/img_pim_food/686220_00_1.jpg
https://www.carrefour.es/supermercado/papel-cuadrado-especial-para-freidoras-de-aire-ecofami-50-ud/R-VC4AECOMM-479594/p,Papel cuadrado especial para freidoras de aire Ecofami 50 ud.,"5,65 €",,"0,11 €/ud",,Limpieza y Hogar,Conservación de Alimentos,Papel y Moldes para horno,https://static.carrefour.es/hd_510x_/img_pim_food/479594_00_1.jpg
https://www.carrefour.es/supermercado/cereales-smacks-kelloggs-400-g/R-521003339/p,Cereales smacks Kellogg's 400 g.,"3,99 €",,"9,97 €/kg",,La Despensa,Desayuno,Cereales,https://static.carrefour.es/hd_510x_/img_pim_food/001782_00_1.jpg
https://www.carrefour.es/supermercado/harina-de-espelta-integral-carrefour-1-kg/R-prod540140/p,Harina de espelta integral Carrefour 1 kg.,"1,42 €",,"1,42 €/kg",,La Despensa,Alimentación,Harinas y Levaduras,https://static.carrefour.es/hd_510x_/img_pim_food/835026_00_1.jpg
https://www.carrefour.es/supermercado/cerveza-el-aguila-dorada-pack-de-10-latas-de-33-cl/R-fprod1190422/p,Cerveza El Aguila dorada pack de 10 latas de 33 cl.,"8,09 €",,"2,45 €/l",,Bebidas,Cerveza,Todas las Cervezas,https://static.carrefour.es/hd_510x_/img_pim_food/242546_00_1.jpg
https://www.carrefour.es/supermercado/jabon-en-pasta-natural-lagarto-400-g/R-prod420604/p,Jabón en pasta natural Lagarto 400 g.,"4,05 €",,"10,12 €/kg",,Limpieza y Hogar,Cuidado de la Ropa,Detergentes,https://static.carrefour.es/hd_510x_/img_pim_food/009513_00_1.jpg
https://www.carrefour.es/supermercado/pants-dodot-activity-t6-14-19-kg-35-ud/R-prod960115/p,Pants Dodot Activity T6 (14-19 kg) 35 ud.,"26,99 €",,"0,77 €/ud",,Bebé,Pañales y Toallitas,Pañales Dodot,https://static.carrefour.es/hd_510x_/img_pim_food/051471_00_1.jpg
https://www.carrefour.es/supermercado/agua-de-colonia-gold-poseidon-150-ml/R-601401276/p,Agua de colonia Gold Poseidon 150 ml.,"14,09 €",,"9,39 €/100ml",,Perfumería e Higiene,Baño e Higiene Corporal,Colonias,https://static.carrefour.es/hd_510x_/img_pim_food/368070_00_1.jpg
https://www.carrefour.es/supermercado/queso-havarti-madurado-arla-150-g/R-769008786/p,Queso havarti madurado Arla 150 g.,"3,21 €",,"18,34 €/kg",,Productos Frescos,Quesos,Tierno,https://static.carrefour.es/hd_510x_/img_pim_food/777484_00_1.jpg
https://www.carrefour.es/supermercado/maxibon-jungly-blanco-nestle-4-ud/R-VC4AECOMM-338299/p,Maxibon Jungly Blanco Nestlé 4 ud.,"6,55 €",,"1,64 €/ud",,Congelados,Helados,Sandwiches,https://static.carrefour.es/hd_510x_/img_pim_food/338299_00_1.jpg
https://www.carrefour.es/supermercado/panales-carrefour-baby-ultra-dry-talla-5-12-20-kg-136-ud/R-VC4AECOMM-115972/p,Pañales Carrefour Baby Ultra Dry Talla 5 (12-20 kg) 136 ud.,"24,70 €",,"0,18 €/ud",,Bebé,Pañales y Toallitas,Pañales Carrefour Baby,https://static.carrefour.es/hd_510x_/img_pim_food/115972_00_1.jpg
https://www.carrefour.es/supermercado/panales-dodot-pro-sensitive-t1-2-5-kg-38-ud/R-fprod1430153/p,Pañales Dodot Pro Sensitive T1 (2-5 kg.) 38 ud.,"16,29 €",,"0,43 €/ud",,Bebé,Pañales y Toallitas,Pañales Dodot,https://static.carrefour.es/hd_510x_/img_pim_food/373255_00_1.jpg
https://www.carrefour.es/supermercado/queso-en-perlas-rellanas-de-frambuesa-extra-carrefour-125-g/R-VC4AECOMM-463316/p,Queso en perlas rellanas de frambuesa Extra Carrefour 125 g.,"2,19 €",,"17,52 €/kg",,Productos Frescos,Quesos,Todos los Quesos,https://static.carrefour.es/hd_510x_/img_pim_food/463316_00_1.jpg
https://www.carrefour.es/supermercado/nata-para-cocinar-central-lechera-asturiana-1-l/R-761105329/p,Nata para cocinar Central Lechera Asturiana 1 l.,"5,69 €",,"5,69 €/l",,La Despensa,Lácteos,Nata,https://static.carrefour.es/hd_510x_/img_pim_food/769549_00_1.jpg
https://www.carrefour.es/supermercado/jamon-de-bellota-iberico-100-raza-iberica-10-vetas-pieza-6-kg-aprox/R-prod1010239/p,Jamón de Bellota Ibérico 100% Raza Ibérica 10 Vetas pieza 6 kg aprox,"379,00 €",,"63,17 €/kg",,Productos Frescos,Charcutería,Jamón serrano e ibérico Pieza,https://static.carrefour.es/hd_510x_/img_pim_food/092132_00_1.jpg
https://www.carrefour.es/supermercado/wok-de-tallarines-con-pollo-al-curry-carrefour-300-g/R-608701822/p,Wok de tallarines con pollo al curry Carrefour 300 g,"3,55 €",,"3,55 €/ud",,Productos Frescos,Platos Preparados Cocinados,Cocina Internacional,https://static.carrefour.es/hd_510x_/img_pim_food/158137_00_1.jpg
https://www.carrefour.es/supermercado/yogur-de-platano-y-galleta-ecologico-pastoret-sin-gluten-135-g/R-prod180401/p,Yogur de plátano y galleta ecológico Pastoret sin gluten 135 g.,"2,09 €",,"15,48 €/kg",,La Despensa,Yogures y Postres,Yogur Natural y Sabores,https://static.carrefour.es/hd_510x_/img_pim_food/237758_00_1.jpg
https://www.carrefour.es/supermercado/licor-de-hierbas-geistluchs-70-cl/R-prod1070019/p,Licor de hierbas Geistluchs 70 cl.,"5,99 €",,"8,56 €/l",,Bebidas,Licores y Cremas,Licores y Orujo,https://static.carrefour.es/hd_510x_/img_pim_food/125788_00_1.jpg
https://www.carrefour.es/supermercado/arroz-con-pollo-y-verduras-extra-carrefour-sin-gluten-250-g/R-VC4AECOMM-614462/p,Arroz con pollo y verduras Extra Carrefour sin gluten 250 g.,"3,15 €",,"12,60 €/kg",,La Despensa,"Conservas, Sopas y Precocinados",Platos Preparados,https://static.carrefour.es/hd_510x_/img_pim_food/614462_00_1.jpg
https://www.carrefour.es/supermercado/agua-de-colonia-n-44-para-mujer-caravan-150-ml/R-prod71327/p,Agua de colonia nº 44 para mujer Caravan 150 ml.,"10,89 €",,"7,26 €/100ml",,Perfumería e Higiene,Baño e Higiene Corporal,Colonias,https://static.carrefour.es/hd_510x_/img_pim_food/211559_00_1.jpg
https://www.carrefour.es/supermercado/tarta-de-manzana-sin-gluten-400-g/R-VC4AECOMM-389043/p,Tarta de manzana sin gluten 400 g.,"7,69 €",,"19,22 €/kg",,La Despensa,Yogures y Postres,Otros Postres,https://static.carrefour.es/hd_510x_/img_pim_food/389043_00_1.jpg
https://www.carrefour.es/supermercado/pizza-speciale-ristorante-dr-oetker-345-g/R-521035313/p,Pizza speciale Ristorante Dr. Oetker 345 g,"3,89 €",,"11,28 €/kg",,Congelados,Pizzas Congeladas,,https://static.carrefour.es/hd_510x_/img_pim_food/626466_00_1.jpg
https://www.carrefour.es/supermercado/salchichas-jumbo-de-queso-con-bacon-oscar-mayer-sin-gluten-335-g/R-521031151/p,Salchichas Jumbo de queso con bacon Oscar Mayer sin gluten 335 g.,"2,55 €",,"7,61 €/kg",,Productos Frescos,Charcutería,Salchichas,https://static.carrefour.es/hd_510x_/img_pim_food/640301_00_1.jpg
https://www.carrefour.es/supermercado/helado-cono-extreme-explosion-lemon-cheesecake-nestle-6-ud/R-VC4AECOMM-338298/p,Helado Cono Extreme Explosión Lemon Cheesecake Nestlé 6 ud.,"5,69 €",,"0,95 €/ud",,Congelados,Helados,Conos,https://static.carrefour.es/hd_510x_/img_pim_food/338298_00_1.jpg
https://www.carrefour.es/supermercado/cebolla-carrefour-1-kg/R-521032276/p,Cebolla Carrefour 1 kg,"1,59 €",,"1,59 €/kg",,Productos Frescos,Verduras y hortalizas,"Patatas, Cebollas y Ajos",https://static.carrefour.es/hd_510x_/img_pim_food/235457_00_1.jpg
https://www.carrefour.es/supermercado/varitas-de-merluza-pescanova-450-g/R-521031291/p,Varitas de merluza Pescanova 450 g.,"3,85 €",,"8,56 €/kg",,Congelados,Rebozados y Platos Preparados,,https://static.carrefour.es/hd_510x_/img_pim_food/043129_00_1.jpg
https://www.carrefour.es/supermercado/laca-fijacion-ultrafuerte-pantene-pro-v-370-ml/R-VC4AECOMM-119126/p,Laca fijación ultrafuerte Pantene Pro-V 370 ml.,"5,95 €",,"1,61 €/100ml",,Perfumería e Higiene,Cabello,Fijadores,https://static.carrefour.es/hd_510x_/img_pim_food/119126_00_1.jpg
https://www.carrefour.es/supermercado/mayonesa-con-mostaza-de-dijon-carrefour-envase-237-g/R-prod860533/p,Mayonesa con mostaza de Dijón Carrefour envase 237 g.,"1,77 €",,"7,47 €/kg",,La Despensa,Alimentación,Salsas y Tomate Frito,https://static.carrefour.es/hd_510x_/img_pim_food/389907_00_1.jpg
https://www.carrefour.es/supermercado/corazones-de-alcachofas-mini-12-16-carrefour-165-g/R-prod60850/p,Corazones de alcachofas mini 12/16 Carrefour 165 g.,"2,45 €",,"14,00 €/kg",,La Despensa,"Conservas, Sopas y Precocinados",Conservas de Vegetales,https://static.carrefour.es/hd_510x_/img_pim_food/194302_00_1.jpg
https://www.carrefour.es/supermercado/champu-fortificante-con-naranja-roja-vitamina-c-y-biotina-para-pelo-fragil-vitamin-force-garnier-fructis-360-ml/R-VC4AECOMM-716027/p,"Champú fortificante con naranja roja, vitamina C y biotina para pelo frágil Vitamin Force Garnier Fructis 360 ml.","4,55 €",,"1,20 €/100ml",,Perfumería e Higiene,Cabello,Champús,https://static.carrefour.es/hd_510x_/img_pim_food/716027_00_1.jpg
https://www.carrefour.es/supermercado/semillas-de-lino-carrefour-original-400-g/R-808943538/p,Semillas de lino Carrefour Original 400 g.,"2,95 €",,"7,37 €/kg",,La Despensa,Alimentación,Semillas,https://static.carrefour.es/hd_510x_/img_pim_food/893116_00_1.jpg
https://www.carrefour.es/supermercado/limon-carrefour-a-granel-1kg-aprox/R-VC4AECOMM-100139/p,Limón Carrefour a granel 1kg aprox,"2,39 €",,"2,39 €/kg",,Productos Frescos,Frutas,Naranjas y otros cítricos,https://static.carrefour.es/hd_510x_/img_pim_food/100139_00_1.jpg
https://www.carrefour.es/supermercado/rocas-suizas-de-chocolate-negro-pancracio-sin-gluten-140-g/R-fprod1410176/p,Rocas suizas de chocolate negro Pancracio sin gluten 140 g.,"3,49 €",,"24,93 €/kg",,La Despensa,Dulce,Bombones y Chocolates,https://static.carrefour.es/hd_510x_/img_pim_food/363329_00_1.jpg
https://www.carrefour.es/supermercado/zanahoria-rallada-carrefour-150-g/R-529916711/p,Zanahoria rallada Carrefour 150 g,"0,92 €",,"6,13 €/kg",,Productos Frescos,Verduras y hortalizas,Ensaladas y Verduras Preparadas,https://static.carrefour.es/hd_510x_/img_pim_food/522036_00_1.jpg
https://www.carrefour.es/supermercado/arroz-milanesa-carrefour-500-g/R-521031573/p,Arroz Milanesa Carrefour 500 g.,"2,29 €",,"4,58 €/kg",,Congelados,Salteados Congelados,,https://static.carrefour.es/hd_510x_/img_pim_food/230947_00_1.jpg
https://www.carrefour.es/supermercado/ambientador-de-varillas-bebe-y-colonia-aura-30-ml/R-fprod1250032/p,Ambientador de varillas bebé y colonia Aura 30 ml.,"1,41 €",,"47,00 €/l",,Limpieza y Hogar,Ambientadores,Decorativos,https://static.carrefour.es/hd_510x_/img_pim_food/296532_00_1.jpg
https://www.carrefour.es/supermercado/tejas-de-tolosa-de-nuestra-tierra-150-g/R-841400584/p,Tejas de Tolosa De Nuestra Tierra 150 g.,"3,79 €",,"25,27 €/kg",,La Despensa,Desayuno,Galletas,https://static.carrefour.es/hd_510x_/img_pim_food/980039_00_1.jpg
https://www.carrefour.es/supermercado/cereales-integrales-de-chocolate-nesquik-nestle-625-g/R-703704133/p,Cereales integrales de chocolate Nesquik Nestlé 625 g.,"5,45 €",,"8,72 €/kg",,La Despensa,Desayuno,Cereales,https://static.carrefour.es/hd_510x_/img_pim_food/406546_00_1.jpg
https://www.carrefour.es/supermercado/chocolate-blanco-con-trozos-de-almendras-con-miel-piramidone-carrefour-extra-100-g/R-VC4AECOMM-720346/p,Chocolate blanco con trozos de almendras con miel Piramidone Carrefour Extra 100 g.,"1,81 €",,"18,10 €/kg",,La Despensa,Dulce,Bombones y Chocolates,https://static.carrefour.es/hd_510x_/img_pim_food/720346_00_1.jpg
https://www.carrefour.es/supermercado/gel-de-bano-delicado-para-bebe-natural-sensation-0m-chicco-500-ml/R-VC4AECOMM-173416/p,Gel de baño delicado para bebé Natural Sensation 0m+ Chicco 500 ml.,"11,75 €",,"2,35 €/100ml",,Bebé,Perfumería e Higiene,Jabón Líquido,https://static.carrefour.es/hd_510x_/img_pim_food/173416_00_1.jpg
https://www.carrefour.es/supermercado/helado-pirulo-mini-tropical-nestle-sin-gluten-6-ud/R-prod1110023/p,Helado Pirulo mini tropical Nestlé sin gluten 6 ud.,"5,39 €",,"0,90 €/ud",,Congelados,Helados,Polos,https://static.carrefour.es/hd_510x_/img_pim_food/150493_00_1.jpg
https://www.carrefour.es/supermercado/brandy-de-jerez-solera-gran-reserva-altorreal-70-cl/R-VC4AECOMM-610435/p,Brandy de jerez solera gran reserva Altorreal 70 cl.,"9,89 €",,"14,13 €/l",,Bebidas,Alcoholes,Brandy y Coñac,https://static.carrefour.es/hd_510x_/img_pim_food/610435_00_1.jpg
https://www.carrefour.es/supermercado/mascarilla-facial-con-granada-soft-carrefour-2-ud/R-VC4AECOMM-465621/p,Mascarilla facial con granada Soft Carrefour 2 ud.,"1,14 €",,"0,57 €/ud",,Perfumería e Higiene,Cuidado y Protección Corporal,Piel,https://static.carrefour.es/hd_510x_/img_pim_food/465621_00_1.jpg
https://www.carrefour.es/supermercado/apositos-grandes-maxicover-esteril-76-x-54-mm-salvelox-5-ud/R-762102409/p,Apósitos grandes Maxicover estéril 76 x 54 mm Salvelox 5 ud.,"4,59 €",,"0,92 €/ud",,Parafarmacia,Botiquín,Apósitos y Gasas,https://static.carrefour.es/hd_510x_/img_pim_food/770626_00_1.jpg
https://www.carrefour.es/supermercado/aceite-de-oliva-virgen-extra-arbequina-carbonell-1-l/R-551303195/p,Aceite de oliva virgen extra arbequina Carbonell 1 l.,"14,88 €",,"14,88 €/l",,La Despensa,Alimentación,Aceites y vinagres,https://static.carrefour.es/hd_510x_/img_pim_food/243933_00_1.jpg
https://www.carrefour.es/supermercado/mini-fuet-de-pavo-snackin-campofrio-50-g/R-525888263/p,Mini Fuet de Pavo Snack'in Campofrío 50 g,"1,65 €",,"33,00 €/kg",,Productos Frescos,Charcutería,"Salchichón, Salami y Fuet",https://static.carrefour.es/hd_510x_/img_pim_food/699362_00_1.jpg
https://www.carrefour.es/supermercado/filete-tierno-de-wagyu-santa-rosalia-250-g/R-867510271/p,Filete tierno de Wagyu Santa Rosalia 250 g,"9,89 €",,"9,89 €/ud",,Productos Frescos,Carnicería,Vacuno,https://static.carrefour.es/hd_510x_/img_pim_food/884789_00_1.jpg
https://www.carrefour.es/supermercado/cerveza-grimbergen-blonde-botella-33-cl/R-679601863/p,Cerveza Grimbergen blonde botella 33 cl.,"1,79 €",,"5,42 €/l",,Bebidas,Cerveza,Todas las Cervezas,https://static.carrefour.es/hd_510x_/img_pim_food/269012_00_1.jpg
https://www.carrefour.es/supermercado/habas-fritas-carrefour-el-mercado-tarrina-de-175-g/R-prod1070752/p,Habas fritas Carrefour El Mercado tarrina de 175 g,"2,25 €",,"12,86 €/kg",,La Despensa,Aperitivos,Frutos Secos,https://static.carrefour.es/hd_510x_/img_pim_food/142446_00_1.jpg
https://www.carrefour.es/supermercado/queso-de-oveja-manchego-curado-de-nuestra-tierra-cuna-de-500-g-aprox/R-VC4AECOMM-674160/p,Queso de oveja Manchego curado De Nuestra Tierra cuña de 500 g aprox,"11,78 €",,"23,56 €/kg",,Productos Frescos,Quesos,Curado,https://static.carrefour.es/hd_510x_/img_pim_food/674160_00_1.jpg
https://www.carrefour.es/supermercado/tomate-triturado-contenido-bajo-de-sal-carrefour-390-g/R-666701683/p,Tomate triturado contenido bajo de sal Carrefour 390 g.,"1,29 €",,"3,31 €/kg",,La Despensa,"Conservas, Sopas y Precocinados",Conservas de Tomate,https://static.carrefour.es/hd_510x_/img_pim_food/325354_00_1.jpg
https://www.carrefour.es/supermercado/champu-fortificante-con-mango-argan-nectar-of-beauty-les-cosmetiques-400-ml/R-VC4AECOMM-477589/p,Champú fortificante con mango & argán Nectar Of Beauty Les Cosmétiques 400 ml.,"2,99 €",,"0,75 €/100ml",,Perfumería e Higiene,Cabello,Champús,https://static.carrefour.es/hd_510x_/img_pim_food/477589_00_1.jpg
https://www.carrefour.es/supermercado/cepillo-de-dientes-suave-blanqueador-carrefour-soft-1-ud/R-VC4AECOMM-481319/p,Cepillo de dientes suave blanqueador Carrefour Soft 1 ud.,"1,43 €",,"1,43 €/ud",,Perfumería e Higiene,Boca y Sonrisa,"Cepillos, Recambios y Accesorios",https://static.carrefour.es/hd_510x_/img_pim_food/481319_00_1.jpg
https://www.carrefour.es/supermercado/polvos-para-pieles-sensibles-e-irritadas-talquistina-50-g/R-590504108/p,Polvos para pieles sensibles e irritadas Talquistina 50 g.,"8,95 €",,"17,90 €/100g",,Parafarmacia,Botiquín,Antisépticos y Talcos,https://static.carrefour.es/hd_510x_/img_pim_food/257939_00_1.jpg
https://www.carrefour.es/supermercado/galletas-de-barquillo-de-chocolate-con-avellanas-schar-sin-gluten-105-g/R-651303579/p,Galletas de barquillo de chocolate con avellanas Schär sin gluten 105 g.,"3,25 €",,"30,95 €/kg",,La Despensa,Desayuno,Galletas,https://static.carrefour.es/hd_510x_/img_pim_food/815018_00_1.jpg
https://www.carrefour.es/supermercado/paletinas-de-madera-nupik-naturgo-50-ud-madera/R-fprod1290010/p,Paletinas de Madera NUPIK Naturgo 50 ud - Madera,"0,99 €",,"0,02 €/ud",,Limpieza y Hogar,Menaje,Utensilios de Cocina,https://static.carrefour.es/hd_510x_/img_pim_food/332305_00_1.jpg
https://www.carrefour.es/supermercado/desodorante-liquido-en-spray-antitranspirante-instituto-espanol-50-ml/R-VC4AECOMM-366115/p,Desodorante liquido en spray antitranspirante Instituto Español 50 ml.,"2,55 €",,"5,10 €/100ml",,Perfumería e Higiene,Baño e Higiene Corporal,Desodorantes,https://static.carrefour.es/hd_510x_/img_pim_food/366115_00_1.jpg
https://www.carrefour.es/supermercado/desodorante-en-spray-dry-impact-nivea-men-250-ml/R-fprod1190530/p,Desodorante en spray dry impact Nivea Men 250 ml.,"4,49 €",,"1,80 €/100ml",,Perfumería e Higiene,Baño e Higiene Corporal,Desodorantes,https://static.carrefour.es/hd_510x_/img_pim_food/243516_00_1.jpg
https://www.carrefour.es/supermercado/croquetas-de-pollo-carrefour-extra-500-g/R-VC4AECOMM-693840/p,Croquetas de pollo Carrefour Extra 500 g.,"1,52 €",,"3,04 €/kg",,Congelados,Rebozados y Platos Preparados,,https://static.carrefour.es/hd_510x_/img_pim_food/693840_00_1.jpg
https://www.carrefour.es/supermercado/altramuces-aperitivo-550-g/R-prod280748/p,Altramuces Aperitivo 550 g,"3,36 €",,"6,11 €/kg",,La Despensa,Aperitivos,Aceitunas y Encurtidos,https://static.carrefour.es/hd_510x_/img_pim_food/341280_00_1.jpg
https://www.carrefour.es/supermercado/crema-facial-de-calendula-weleda-50-ml/R-VC4AECOMM-654478/p,Crema facial de caléndula Weleda 50 ml.,"8,45 €",,"16,90 €/100ml",,Bebé,Perfumería e Higiene,"Crema Corporal, Talcos y Anti-irritación",https://static.carrefour.es/hd_510x_/img_pim_food/654478_00_1.jpg
https://www.carrefour.es/supermercado/pan-de-molde-blanco-mediano-warburtons-800-g/R-prod68291/p,Pan de molde blanco mediano Warburtons 800 g.,"5,05 €",,"6,31 €/kg",,La Despensa,"Panaderia, Bollería y Pastelería",Pan de Molde,https://static.carrefour.es/hd_510x_/img_pim_food/924700_00_1.jpg
https://www.carrefour.es/supermercado/recambios-maquinilla-mach3-xxl-gillette-12-ud/R-VC4AECOMM-629239/p,Recambios maquinilla Mach3 XXL Gillette 12 ud.,"35,30 €",,"2,94 €/ud",,Perfumería e Higiene,Depilación y Afeitado,Maquinillas y Recambios,https://static.carrefour.es/hd_510x_/img_pim_food/629239_00_1.jpg
https://www.carrefour.es/supermercado/atun-claro-al-natural-isabel-pack-de-3-latas-de-56-g/R-prod731370/p,Atún claro al natural Isabel pack de 3 latas de 56 g.,"6,39 €",,"38,04 €/kg",,La Despensa,"Conservas, Sopas y Precocinados",Conservas de Pescado y Marisco,https://static.carrefour.es/hd_510x_/img_pim_food/857299_00_1.jpg
https://www.carrefour.es/supermercado/pomada-hipoalergenica-para-proteger-la-zona-del-panal-bephantol-100-g/R-590512324/p,Pomada hipoalergénica para proteger la zona del pañal Bephantol 100 g.,"16,09 €",,"16,09 €/100g",,Parafarmacia,Bebé,Anti Irritación,https://static.carrefour.es/hd_510x_/img_pim_food/798974_00_1.jpg
https://www.carrefour.es/supermercado/pipas-tostadas-aguasal-arias-sin-gluten-150-g/R-prod180259/p,Pipas tostadas aguasal Arias sin gluten 150 g.,"1,73 €",,"11,53 €/kg",,La Despensa,Aperitivos,Frutos Secos,https://static.carrefour.es/hd_510x_/img_pim_food/280230_00_1.jpg
https://www.carrefour.es/supermercado/horchata-de-chufa-ecologica-carrefour-bio-sin-gluten-sin-lactosa-brik-1-l/R-VC4AECOMM-496495/p,Horchata de chufa ecológica Carrefour Bio sin gluten sin lactosa brik 1 l.,"2,55 €",,"2,55 €/l",,La Despensa,Lácteos,Batidos y Horchatas,https://static.carrefour.es/hd_510x_/img_pim_food/496495_00_1.jpg
https://www.carrefour.es/supermercado/galletas-de-mantequilla-con-chocolate-minus-l-sin-lactosa-125-g/R-701717737/p,Galletas de mantequilla con chocolate Minus L sin lactosa 125 g.,"4,55 €",,"36,40 €/kg",,La Despensa,Desayuno,Galletas,https://static.carrefour.es/hd_510x_/img_pim_food/400153_00_1.jpg
https://www.carrefour.es/supermercado/margarina-con-sal-tulipan-sin-gluten-y-sin-lactosa-400-g/R-VC4AECOMM-057215/p,Margarina con sal Tulipán sin gluten y sin lactosa 400 g.,"2,49 €",,"6,23 €/kg",,La Despensa,Lácteos,Mantequillas y Margarinas,https://static.carrefour.es/hd_510x_/img_pim_food/057215_00_1.jpg
https://www.carrefour.es/supermercado/base-de-pizza-classic-carrefour-sin-gluten-pack-de-2-bases-de-200-g/R-VC4AECOMM-640083/p,Base de pizza Classic' Carrefour sin gluten pack de 2 bases de 200 g.,"4,49 €",,"11,22 €/kg",,Congelados,Pizzas Congeladas,,https://static.carrefour.es/hd_510x_/img_pim_food/640083_00_1.jpg
https://www.carrefour.es/supermercado/albondigas-de-cerdo-y-vacuno-classic-carrefour-sin-gluten-415-g/R-VC4AECOMM-503716/p,Albóndigas de cerdo y vacuno Classic Carrefour sin gluten 415 g.,"1,80 €",,"4,34 €/kg",,La Despensa,"Conservas, Sopas y Precocinados",Platos Tradicionales,https://static.carrefour.es/hd_510x_/img_pim_food/503716_00_1.jpg
https://www.carrefour.es/supermercado/mascarilla-capilar-aceite-de-coco-carrefour-soft-300-ml/R-VC4AECOMM-430670/p,Mascarilla capilar aceite de coco Carrefour Soft 300 ml.,"1,88 €",,"0,63 €/100ml",,Perfumería e Higiene,Cabello,Cuidado y Tratamientos del cabello,https://static.carrefour.es/hd_510x_/img_pim_food/430670_00_1.jpg
https://www.carrefour.es/supermercado/hot-dog-estilo-rustico-carrefour-original-4-ud/R-VC4AECOMM-310434/p,Hot Dog estilo rústico Carrefour Original 4 ud.,"1,10 €",,"5,00 €/kg",,La Despensa,"Panaderia, Bollería y Pastelería",Pan Perrito y Burguer,https://static.carrefour.es/hd_510x_/img_pim_food/310434_00_1.jpg
https://www.carrefour.es/supermercado/recambio-para-plumero-swiffer-6-ud/R-fprod1440023/p,Recambio para plumero Swiffer 6 ud.,"6,09 €",,"1,01 €/ud",,Limpieza y Hogar,Utensilios de Limpieza,"Plumeros, Rodillos y Recambios",https://static.carrefour.es/hd_510x_/img_pim_food/375570_00_1.jpg
https://www.carrefour.es/supermercado/arroz-largo-ecologico-carrefour-bio-1-kg/R-VC4AECOMM-718628/p,Arroz largo ecológico Carrefour Bio 1 kg,"3,29 €",,"3,29 €/kg",,La Despensa,Alimentación,Arroz y Cous Cous,https://static.carrefour.es/hd_510x_/img_pim_food/718628_00_1.jpg
https://www.carrefour.es/supermercado/ketchup-ecologico-heinz-580-g/R-520660448/p,Kétchup ecológico Heinz 580 g.,"4,65 €",,"8,02 €/kg",,La Despensa,Alimentación,Salsas y Tomate Frito,https://static.carrefour.es/hd_510x_/img_pim_food/749122_00_1.jpg
https://www.carrefour.es/supermercado/fuet-extra-circulo-de-calidad-sin-gluten-y-sin-lactosa-170-g/R-prod1060111/p,Fuet extra Círculo de Calidad sin gluten y sin lactosa 170 g,"3,55 €",,"20,88 €/kg",,Productos Frescos,Charcutería,"Salchichón, Salami y Fuet",https://static.carrefour.es/hd_510x_/img_pim_food/122981_00_1.jpg
https://www.carrefour.es/supermercado/queso-en-polvo-especial-pasta-carrefour-sin-gluten-150-g/R-fprod1350064/p,Queso en Polvo especial pasta Carrefour sin gluten 150 g.,"1,19 €",,"7,93 €/kg",,Productos Frescos,Quesos,Rallados,https://static.carrefour.es/hd_510x_/img_pim_food/337179_00_1.jpg
https://www.carrefour.es/supermercado/vino-blanco-joven-viura-blume-do-rueda-75-cl/R-521009238/p,Blume Blanco 2023,"5,39 €",,"5,39 €/ud",,Bebidas,Vinos,Blanco,https://static.carrefour.es/hd_510x_/img_pim_food/644307_00_1.jpg
https://www.carrefour.es/supermercado/pizza-de-bacon-carrefour-315-g/R-prod600081/p,Pizza de bacon Carrefour 315 g.,"2,06 €",,"6,54 €/kg",,Congelados,Pizzas Congeladas,,https://static.carrefour.es/hd_510x_/img_pim_food/841127_00_1.jpg
https://www.carrefour.es/supermercado/cafe-soluble-descafeinado-en-sobres-nescafe-classic-10-ud/R-521003065/p,Café soluble descafeinado en sobres Nescafé Classic 10 ud.,"1,45 €",,"0,14 €/ud",,La Despensa,Desayuno,Cafés,https://static.carrefour.es/hd_510x_/img_pim_food/003224_00_1.jpg
https://www.carrefour.es/supermercado/leche-entera-carrefour-brik-1-l/R-521006992/p,Leche entera Carrefour brik 1 l.,"0,92 €",,"0,92 €/l
- 5,52 €/6 uds.",,La Despensa,Lácteos,Leche,https://static.carrefour.es/hd_510x_/img_pim_food/231395_00_1.jpg
https://www.carrefour.es/supermercado/lomo-de-cebo-iberico-50-raza-iberica-carrefour-sin-gluten-2x625-g/R-VC4AECOMM-468286/p,"Lomo de cebo ibérico 50% raza ibérica Carrefour sin gluten 2x62,5 g","5,25 €",,"42,00 €/kg",,Productos Frescos,Charcutería,"Chorizo, Lomo y Otros",https://static.carrefour.es/hd_510x_/img_pim_food/468286_00_1.jpg
https://www.carrefour.es/supermercado/protegeslip-extra-largo-carrefour-24-ud/R-VC4AECOMM-652694/p,Protegeslip extra largo Carrefour 24 ud.,"1,54 €",,"0,06 €/ud",,Perfumería e Higiene,Higiene íntima,Protege Slip,https://static.carrefour.es/hd_510x_/img_pim_food/652694_00_1.jpg
https://www.carrefour.es/supermercado/postre-delicias-de-trufa-nestle-la-lechera-pack-de-2-unidades-de-125-g/R-772505553/p,Postre delicias de trufa Nestlé La Lechera pack de 2 unidades de 125 g.,"1,69 €",,"6,76 €/kg",,La Despensa,Yogures y Postres,Otros Postres,https://static.carrefour.es/hd_510x_/img_pim_food/780199_00_1.jpg
https://www.carrefour.es/supermercado/vino-blanco-sauvignon-blanc-tie-do-rueda-75-cl/R-prod971510/p,Tie Sauvignon Blanc Blanco 2023,"2,49 €",,"2,49 €/ud",,Bebidas,Vinos,Blanco,https://static.carrefour.es/hd_510x_/img_pim_food/312187_00_1.jpg
https://www.carrefour.es/supermercado/ambientador-automatico-sense-spray-lavanda-recambio-glade-1-ud/R-prod1070420/p,Ambientador automático Sense & Spray lavanda recambio Glade 1 ud.,"3,99 €",,"221,67 €/l",,Limpieza y Hogar,Ambientadores,Automáticos,https://static.carrefour.es/hd_510x_/img_pim_food/131883_00_1.jpg
https://www.carrefour.es/supermercado/leche-semidesnatada-central-lechera-asturiana-brik-500-ml/R-530363462/p,Leche semidesnatada Central Lechera Asturiana brik 500 ml.,"0,72 €",,"1,44 €/l
- 4,32 €/6 uds.",,La Despensa,Lácteos,Leche,https://static.carrefour.es/hd_510x_/img_pim_food/168680_00_1.jpg
https://www.carrefour.es/supermercado/preparado-de-carne-picada-de-cerdo-carrefour-el-mercado-500-g/R-VC4AECOMM-479498/p,Preparado de carne picada de cerdo Carrefour El Mercado 500 g,"2,69 €",,"5,38 €/kg",,Productos Frescos,Carnicería,Carne Picada,https://static.carrefour.es/hd_510x_/img_pim_food/479498_00_1.jpg
https://www.carrefour.es/supermercado/brandy-solera-gran-reserva-carlos-i-do-jerez-70-cl/R-522713437/p,Carlos I Brandy,"26,90 €",,"38,43 €/l",,,,,https://static.carrefour.es/hd_510x_/img_pim_food/000404_00_1.jpg
https://www.carrefour.es/supermercado/mascarilla-after-sun-tisu-reparadora-calma-e-hidrata-iroha-nature-1-ud/R-VC4AECOMM-212998/p,Mascarilla after sun tisú reparadora calma e hidrata Iroha Nature 1 ud.,"3,35 €",,"3,35 €/ud",,Perfumería e Higiene,Cosmética,Rostro,https://static.carrefour.es/hd_510x_/img_pim_food/212998_00_1.jpg
https://www.carrefour.es/supermercado/patatas-enteras-sin-sal-anadida-classic-carrefour-400-g/R-prod1160176/p,Patatas enteras sin sal añadida Classic Carrefour 400 g.,"2,05 €",,"5,12 €/kg",,La Despensa,"Conservas, Sopas y Precocinados",Conservas de Vegetales,https://static.carrefour.es/hd_510x_/img_pim_food/206048_00_1.jpg
https://www.carrefour.es/supermercado/cistitus-comprimidos-aquilea-30-comprimidos/R-590503046/p,Cistitus comprimidos Aquilea 30 comprimidos.,"20,60 €",,"57,22 €/100g",,Parafarmacia,Nutrición y Dietética,Complementos Vitamínicos,https://static.carrefour.es/hd_510x_/img_pim_food/196327_00_1.jpg
https://www.carrefour.es/supermercado/schweppes-de-limon-lata-33-cl/R-520660580/p,Schweppes de limón lata 33 cl.,"0,95 €",,"2,88 €/l
- 7,60 €/8 uds.",,Bebidas,Refrescos,Sabores con Gas,https://static.carrefour.es/hd_510x_/img_pim_food/707834_00_1.jpg
https://www.carrefour.es/supermercado/pechuga-de-pavo-cocida-corte-charcutero-la-selva-sin-gluten-y-sin-lactosa-90-g/R-prod971015/p,Pechuga de Pavo Cocida corte charcutero La Selva sin gluten y sin lactosa 90 g,"3,25 €",,"32,50 €/kg",,Productos Frescos,Charcutería,Fiambre de Pavo y Pollo,https://static.carrefour.es/hd_510x_/img_pim_food/362736_00_1.jpg
https://www.carrefour.es/supermercado/verduras-para-pisto-ultracongelado-classic-carrefour-450-g/R-595501987/p,Verduras para pisto ultracongelado Classic' Carrefour 450 g.,"2,59 €",,"5,76 €/kg",,Congelados,Salteados Congelados,,https://static.carrefour.es/hd_510x_/img_pim_food/351223_00_1.jpg
https://www.carrefour.es/supermercado/coloracion-permanente-sin-amoniaco-para-un-olor-agradable-tono-60-rubio-oscuro-garnier-olia-1-ud/R-684403570/p,Coloración permanente sin amoniaco para un olor agradable tono 6.0 rubio oscuro Garnier Olia 1 ud.,"8,35 €",,"8,35 €/ud",,Perfumería e Higiene,Cabello,Tinte,https://static.carrefour.es/hd_510x_/img_pim_food/073459_00_1.jpg
https://www.carrefour.es/supermercado/cafe-cortado-espresso-macchiato-descafeinado-en-capsulas-nescafe-dolce-gusto-16-ud/R-649601932/p,Café cortado espresso macchiato descafeinado en cápsulas Nescafé Dolce Gusto 16 ud.,"5,15 €",,"52,02 €/kg",,,,,https://static.carrefour.es/hd_510x_/img_pim_food/819505_00_1.jpg
https://www.carrefour.es/supermercado/noodles-con-tiras-estilo-pollo-y-salsa-curry-revolugreen-270-g/R-VC4AECOMM-182087/p,Noodles con tiras estilo pollo y salsa curry Revolugreen 270 g.,"4,35 €",,"16,11 €/kg",,La Despensa,"Conservas, Sopas y Precocinados",Platos Preparados,https://static.carrefour.es/hd_510x_/img_pim_food/182087_00_1.jpg
https://www.carrefour.es/supermercado/cera-de-ortodoncia-soft-carrefour-7-ud/R-VC4AECOMM-488207/p,Cera de ortodoncia Soft Carrefour 7 ud.,"5,65 €",,"5,65 €/ud",,Perfumería e Higiene,Boca y Sonrisa,"Cepillos, Recambios y Accesorios",https://static.carrefour.es/hd_510x_/img_pim_food/488207_00_1.jpg
https://www.carrefour.es/supermercado/crema-de-chocolate-fondant-light-nestle-sveltesse-sin-gluten-pack-de-4-unidades-de-125-g/R-526501358/p,Crema de chocolate fondant light Nestlé Sveltesse sin gluten pack de 4 unidades de 125 g.,"2,55 €",,"5,10 €/kg",,La Despensa,Yogures y Postres,"Natillas, Cremas y Copas",https://static.carrefour.es/hd_510x_/img_pim_food/621048_00_1.jpg
https://www.carrefour.es/supermercado/filete-de-aguja-de-cerdo-duroc-circulo-de-calidad-carrefour-500-g-aprox/R-VC4AECOMM-001508/p,Filete de aguja de cerdo Duroc Círculo de Calidad Carrefour 500 g aprox,"5,44 €",,"10,89 €/kg",,Productos Frescos,Carnicería,Cerdo,https://static.carrefour.es/hd_510x_/img_pim_food/001508_00_1.jpg
https://www.carrefour.es/supermercado/galletas-con-chocolate-mulivitaminadas-carrefour-210-g/R-521004545/p,Galletas con chocolate Mulivitaminadas Carrefour 210 g.,"3,75 €",,"18,75 €/kg",,La Despensa,Desayuno,Galletas,https://static.carrefour.es/hd_510x_/img_pim_food/726790_00_1.jpg
https://www.carrefour.es/supermercado/cafe-latte-macchiatto-light-carrefour-sensation-sin-gluten-250-ml/R-prod780164/p,Café latte macchiatto light Carrefour Sensation sin gluten 250 ml.,"0,72 €",,"2,88 €/l",,La Despensa,Lácteos,Listo para beber,https://static.carrefour.es/hd_510x_/img_pim_food/864306_00_1.jpg
https://www.carrefour.es/supermercado/salsa-pesto-siciliana-barilla-sin-gluten-190-g/R-prod970673/p,Salsa pesto siciliana Barilla sin gluten 190 g.,"2,79 €",,"14,68 €/kg",,La Despensa,Alimentación,Salsas y Tomate Frito,https://static.carrefour.es/hd_510x_/img_pim_food/231081_00_1.jpg
https://www.carrefour.es/supermercado/fusilli-lunghi-garofalo-500-g/R-814300425/p,Fusilli lunghi Garofalo 500 g.,"2,85 €",,"5,70 €/kg",,La Despensa,Alimentación,Pastas,https://static.carrefour.es/hd_510x_/img_pim_food/937007_00_1.jpg
https://www.carrefour.es/supermercado/tarrito-de-verduritas-con-patata-y-salmon-desde-8-meses-ecologico-carrefour-baby-bio-sin-gluten-200-g/R-VC4AECOMM-432832/p,Tarrito de verduritas con patata y salmón desde 8 meses ecológico Carrefour Baby Bio sin gluten 200 g.,"1,85 €",,"9,25 €/kg",,Bebé,Alimentación infantil,Tarritos y Platos Preparados,https://static.carrefour.es/hd_510x_/img_pim_food/432832_00_1.jpg
https://www.carrefour.es/supermercado/queso-mozzarella-light-galbani-125-g/R-522714316/p,Queso mozzarella light Galbani 125 g.,"2,13 €",,"17,04 €/kg",,Productos Frescos,Quesos,Queso Fresco,https://static.carrefour.es/hd_510x_/img_pim_food/571568_00_1.jpg
https://www.carrefour.es/supermercado/cacao-instantaneo-chococao-carrefour-sin-gluten-500-g/R-VC4AECOMM-512330/p,Cacao instantáneo Chococao Carrefour sin gluten 500 g.,"2,49 €",,"4,98 €/kg",,La Despensa,Desayuno,Cacaos y Cereales Solubles,https://static.carrefour.es/hd_510x_/img_pim_food/512330_00_1.jpg
https://www.carrefour.es/supermercado/masa-para-empanada-rectangular-buitoni-280-g/R-526627536/p,Masa para empanada rectangular Buitoni 280 g.,"3,19 €",,"11,39 €/kg",,La Despensa,"Panaderia, Bollería y Pastelería",Masa Fresca y Bases,https://static.carrefour.es/hd_510x_/img_pim_food/795230_00_1.jpg
https://www.carrefour.es/supermercado/chorizo-pamplona-en-lonchas-revilla-sin-gluten-65-g/R-prod841658/p,Chorizo Pamplona en lonchas Revilla sin gluten 65 g.,"0,99 €",,"14,14 €/kg",,Productos Frescos,Charcutería,"Chorizo, Lomo y Otros",https://static.carrefour.es/hd_510x_/img_pim_food/699043_00_1.jpg
https://www.carrefour.es/supermercado/tequila-1800-cristalino-anejo-70-cl/R-VC4AECOMM-479505/p,Tequila 1800 Cristalino anejo 70 cl.,"75,00 €",,"107,14 €/l",,Bebidas,Alcoholes,Tequila,https://static.carrefour.es/hd_510x_/img_pim_food/479505_00_1.jpg
https://www.carrefour.es/supermercado/dentifrico-2-en-1-menta-fresca-licor-del-polo-75-ml/R-543601938/p,Dentífrico 2 en 1 menta fresca Licor del Polo 75 ml.,"2,35 €",,"3,13 €/100ml",,Perfumería e Higiene,Boca y Sonrisa,Dentífricos,https://static.carrefour.es/hd_510x_/img_pim_food/001358_00_1.jpg
https://www.carrefour.es/supermercado/pizza-4-formaggi-la-mia-grande-dr-oetker-400-g/R-VC4AECOMM-449127/p,Pizza 4 formaggi La Mia Grande Dr. Oetker 400 g.,"5,89 €",,"14,72 €/kg",,Congelados,Pizzas Congeladas,,https://static.carrefour.es/hd_510x_/img_pim_food/449127_00_1.jpg
https://www.carrefour.es/supermercado/limpiador-desinfectante-gerpostar-plus-multiusos-sin-lejia-asevi-750-ml/R-VC4AECOMM-483965/p,Limpiador desinfectante gerpostar plus multiusos sin lejía Asevi 750 ml.,"2,79 €",,"0,37 €/100ml",,Limpieza y Hogar,Productos para toda la casa,Limpiacristales y Multiusos,https://static.carrefour.es/hd_510x_/img_pim_food/483965_00_1.jpg
https://www.carrefour.es/supermercado/papilla-infantil-desde-6-meses-8-cereales-con-toque-de-miel-4-frutas-nutriben-600-g/R-804324054/p,Papilla infantil desde 6 meses 8 cereales con toque de miel 4 frutas Nutribén 600 g.,"5,99 €",,"9,98 €/kg",,Parafarmacia,Bebé,Papillas y Galletas,https://static.carrefour.es/hd_510x_/img_pim_food/914560_00_1.jpg
https://www.carrefour.es/supermercado/chorizo-iberico-extra-villa-rmaestros-del-corte-90-g/R-VC4AECOMM-062610/p,Chorizo ibérico extra Villa rmaestros del corte 90 g,"3,69 €",,"41,00 €/kg",,Productos Frescos,Charcutería,"Chorizo, Lomo y Otros",https://static.carrefour.es/hd_510x_/img_pim_food/062610_00_1.jpg
https://www.carrefour.es/supermercado/snacks-de-pato-con-calcio-para-perros-jumpers-delights-vitakraft-80-g/R-VC4AECOMM-691705/p,Snacks de pato con calcio para perros Jumpers Delights Vitakraft 80 g.,"2,59 €",,"32,37 €/kg",,Mascotas,Perros,"Premios, Snacks y Huesos",https://static.carrefour.es/hd_510x_/img_pim_food/691705_00_1.jpg
https://www.carrefour.es/supermercado/estrellitas-de-maiz-crujiente-sensation-carrefour-sin-aceite-de-palma-80-g/R-VC4AECOMM-457818/p,Estrellitas de maíz crujiente Sensation Carrefour sin aceite de palma 80 g.,"1,65 €",,"20,62 €/kg",,La Despensa,Aperitivos,Snacks,https://static.carrefour.es/hd_510x_/img_pim_food/457818_00_1.jpg
https://www.carrefour.es/supermercado/queso-rallado-mozzarella-y-provolone-miraflores-150-g/R-819256172/p,Queso rallado mozzarella y provolone Miraflores 150 g.,"3,21 €",,"21,40 €/kg",,Productos Frescos,Quesos,Rallados,https://static.carrefour.es/hd_510x_/img_pim_food/947333_00_1.jpg
https://www.carrefour.es/supermercado/acondicionador-nutritivo-aceite-de-oliva-carrefour-soft-300-ml/R-VC4AECOMM-719308/p,Acondicionador nutritivo aceite de oliva Carrefour Soft 300 ml.,"2,45 €",,"0,82 €/100ml",,Perfumería e Higiene,Cabello,Acondicionadores,https://static.carrefour.es/hd_510x_/img_pim_food/719308_00_1.jpg
https://www.carrefour.es/supermercado/salchichas-cocktail-la-piara-170-g/R-521014311/p,Salchichas Cocktail La Piara 170 g.,"5,49 €",,"32,29 €/kg",,La Despensa,"Conservas, Sopas y Precocinados",Conservas de Carne,https://static.carrefour.es/hd_510x_/img_pim_food/507514_00_1.jpg
https://www.carrefour.es/supermercado/leche-infantil-para-lactantes-desde-el-primer-dia-damira-natur-1-lata-800-g/R-fprod1380200/p,Leche infantil para lactantes desde el primer día Damira Natur 1 lata 800 g.,"25,60 €",,"3,20 €/100g",,Bebé,Alimentación infantil,Leches Infantiles,https://static.carrefour.es/hd_510x_/img_pim_food/353371_00_1.jpg
https://www.carrefour.es/supermercado/salsa-calcots-ferrer-sin-gluten-tarro-320-g/R-538001994/p,Salsa calçots Ferrer sin gluten tarro 320 g.,"3,09 €",,"9,66 €/kg",,La Despensa,Alimentación,Salsas y Tomate Frito,https://static.carrefour.es/hd_510x_/img_pim_food/174486_00_1.jpg
https://www.carrefour.es/supermercado/napolitana-de-crema-carrefour-4-ud/R-784209199/p,Napolitana de crema Carrefour 4 ud,"2,99 €",,"0,75 €/ud",,Productos Frescos,Panadería Tradicional,Bollería Tradicional,https://static.carrefour.es/hd_510x_/img_pim_food/873524_00_1.jpg
https://www.carrefour.es/supermercado/cacahuetes-fritos-sin-sal-anadida-carrefour-200-g/R-VC4AECOMM-513752/p,Cacahuetes fritos sin sal añadida Carrefour 200 g.,"1,07 €",,"5,35 €/kg",,La Despensa,Aperitivos,Frutos Secos,https://static.carrefour.es/hd_510x_/img_pim_food/513752_00_1.jpg
https://www.carrefour.es/supermercado/aguacate-hass-carrefour-a-granel-1-kg/R-VC4AECOMM-471013/p,Aguacate hass Carrefour a granel 1 kg,"5,19 €",,"5,19 €/kg",,Productos Frescos,Frutas,"Piñas, Kiwis, Aguacates y Tropicales",https://static.carrefour.es/hd_510x_/img_pim_food/471013_00_1.jpg
https://www.carrefour.es/supermercado/chocolate-negro-70-con-naranja-y-stevia-sin-azucar-anadido-valor-sin-gluten-100-g/R-prod90072/p,Chocolate negro 70% con naranja y stevia sin azúcar añadido Valor sin gluten 100 g.,"2,69 €",,"26,90 €/kg",,La Despensa,Dulce,Bombones y Chocolates,https://static.carrefour.es/hd_510x_/img_pim_food/218897_00_1.jpg
https://www.carrefour.es/supermercado/cereales-de-maiz-tostados-y-azucarados-frosties-kelloggs-450-g/R-521003363/p,Cereales de maíz tostados y azucarados Frosties Kellogg's 450 g.,"3,99 €",,"9,97 €/kg",,La Despensa,Desayuno,Cereales,https://static.carrefour.es/hd_510x_/img_pim_food/001788_00_1.jpg
https://www.carrefour.es/supermercado/garbanzo-cocido-ecologico-pedro-luis-425-g/R-795411396/p,Garbanzo cocido ecológico Pedro Luis 425 g.,"3,45 €",,"6,90 €/kg",,La Despensa,Alimentación,Legumbres,https://static.carrefour.es/hd_510x_/img_pim_food/895982_00_1.jpg
https://www.carrefour.es/supermercado/nocco-bcaa-bebida-energetica-sin-azucar-limon-del-sol-lata-33-cl/R-VC4AECOMM-626798/p,Nocco BCAA Bebida Energética sin azúcar limón del sol lata 33 cl.,"1,95 €",,"5,91 €/l",,Bebidas,Refrescos,Energéticas,https://static.carrefour.es/hd_510x_/img_pim_food/626798_00_1.jpg
https://www.carrefour.es/supermercado/desodorante-solido-ecologico-carrefour-soft-green-50-g/R-VC4AECOMM-279782/p,Desodorante sólido ecológico Carrefour Soft Green 50 g.,"4,49 €",,"8,98 €/100g",,Perfumería e Higiene,Baño e Higiene Corporal,Desodorantes,https://static.carrefour.es/hd_510x_/img_pim_food/279782_00_1.jpg
https://www.carrefour.es/supermercado/bifidus-desnatado-de-fibras-con-muesli-sin-azucar-anadido-danone-activia-pack-de-4-unidades-de-120-g/R-840701120/p,Bífidus desnatado de fibras con muesli sin azúcar añadido Danone Activia pack de 4 unidades de 120 g.,"2,79 €",,"6,07 €/kg",,La Despensa,Yogures y Postres,Yogures Desnatados,https://static.carrefour.es/hd_510x_/img_pim_food/976322_00_1.jpg
https://www.carrefour.es/supermercado/monster-energy-juiced-bebida-energetica-bad-apple-lata-50-cl/R-VC4AECOMM-373525/p,Monster Energy Juiced Bebida Energética bad apple lata 50 cl.,"1,95 €",,"3,90 €/l",,Bebidas,Refrescos,Energéticas,https://static.carrefour.es/hd_510x_/img_pim_food/373525_00_1.jpg
https://www.carrefour.es/supermercado/croquetas-para-gato-carne-carrefour/R-521013563/p,"Croquetas para Gato Carne, Carrefour","5,79 €",,"1,45 €/kg",,Mascotas,Gatos,Pienso para gatos,https://static.carrefour.es/hd_510x_/img_pim_food/358299_00_1.jpg
https://www.carrefour.es/supermercado/pinones-importacion-carrefour-bolsa-125-g/R-prod1070708/p,Piñones importacion Carrefour bolsa 125 g,"8,15 €",,"65,20 €/kg",,La Despensa,Aperitivos,Frutos Secos,https://static.carrefour.es/hd_510x_/img_pim_food/142306_00_1.jpg
https://www.carrefour.es/supermercado/galletas-rellenas-de-crema-de-vainilla-lotus-biscoff-150-g/R-VC4AECOMM-611105/p,Galletas rellenas de crema de vainilla Lotus Biscoff 150 g.,"1,87 €",,"12,47 €/kg",,La Despensa,Desayuno,Galletas,https://static.carrefour.es/hd_510x_/img_pim_food/611105_00_1.jpg
https://www.carrefour.es/supermercado/galletas-rellenas-de-crema-de-cacao-schar-sin-gluten-250-g/R-651402434/p,Galletas rellenas de crema de cacao Schär sin gluten 250 g.,"4,19 €",,"16,76 €/kg",,La Despensa,Desayuno,Galletas,https://static.carrefour.es/hd_510x_/img_pim_food/814911_00_1.jpg
https://www.carrefour.es/supermercado/bolsas-de-basura-resistente-y-eco-100-reciclado-handy-bag-50l-10-ud/R-VC4AECOMM-800907/p,Bolsas de Basura Resistente y Eco 100% Reciclado HANDY BAG 50L 10 ud,"4,39 €",,"0,44 €/ud",,Limpieza y Hogar,Utensilios de Limpieza,Bolsas de Basura,https://static.carrefour.es/hd_510x_/img_pim_food/800907_00_1.jpg
https://www.carrefour.es/supermercado/arroz-arborio-para-risotto-riso-scotti-500-g/R-824301995/p,Arroz arborio para risotto Riso Scotti 500 g.,"2,13 €",,"4,26 €/kg",,La Despensa,Alimentación,Arroz y Cous Cous,https://static.carrefour.es/hd_510x_/img_pim_food/958680_00_1.jpg
https://www.carrefour.es/supermercado/plumas-gallo-sin-gluten-450-g/R-VC4AECOMM-594202/p,Plumas Gallo sin gluten 450 g.,"2,45 €",,"5,44 €/kg",,La Despensa,Alimentación,Pastas,https://static.carrefour.es/hd_510x_/img_pim_food/594202_00_1.jpg
https://www.carrefour.es/supermercado/pulpo-cocido-troceado-carrefour-el-mercado-250-g/R-VC4AECOMM-335249/p,Pulpo cocido troceado Carrefour El Mercado 250 g,"10,95 €",,"43,80 €/kg",,Productos Frescos,Pescadería,"Pulpo, Calamar y Sepia",https://static.carrefour.es/hd_510x_/img_pim_food/335249_00_1.jpg
https://www.carrefour.es/supermercado/cereales-rellenos-de-cacao-y-avellanas-carrefour-sin-gluten-400-g/R-VC4AECOMM-507244/p,Cereales rellenos de cacao y avellanas Carrefour sin gluten 400 g.,"2,25 €",,"5,62 €/kg",,,,,https://static.carrefour.es/hd_510x_/img_pim_food/507244_00_1.jpg
https://www.carrefour.es/supermercado/zumo-de-naranja-y-mango-carrefour-botella-1-l/R-827324487/p,Zumo de naranja y mango Carrefour botella 1 l.,"4,03 €",,"4,03 €/l",,Bebidas,Aguas y Zumos,Zumos Refrigerados,https://static.carrefour.es/hd_510x_/img_pim_food/912946_00_1.jpg
https://www.carrefour.es/supermercado/crema-de-leche-y-avellanas-con-cookies-nocilla-sin-gluten-180-g/R-VC4AECOMM-100066/p,Crema de leche y avellanas con cookies Nocilla sin gluten 180 g.,"3,25 €",,"18,06 €/kg",,La Despensa,Dulce,"Cremas de Cacao, Avellana y Cacahuete",https://static.carrefour.es/hd_510x_/img_pim_food/100066_00_1.jpg
https://www.carrefour.es/supermercado/whisky-100-pipers-escoces-deluxe-1-l/R-526600762/p,Whisky 100 Pipers escocés deluxe 1 l.,"18,79 €",,"18,79 €/l",,,,,https://static.carrefour.es/hd_510x_/img_pim_food/270581_00_1.jpg
https://www.carrefour.es/supermercado/martini-aperitivo-vibrante-sin-alcohol-75-cl/R-VC4AECOMM-473471/p,Martini Vibrante,"10,89 €",,"14,52 €/l",,Bebidas,Alcoholes,Sin Alcohol,https://static.carrefour.es/hd_510x_/img_pim_food/473471_00_1.jpg
https://www.carrefour.es/supermercado/red-bull-bebida-energetica-lata-355-cl/R-528412220/p,"Red Bull Bebida Energética lata 35,5 cl","2,09 €",,"5,89 €/l",,Bebidas,Refrescos,Energéticas,https://static.carrefour.es/hd_510x_/img_pim_food/011595_00_1.jpg
https://www.carrefour.es/supermercado/leche-infantil-de-crecimiento-desde-los-12-meses-en-polvo-nestle-nan-optipro-3-lata-800-g/R-590504446/p,Leche infantil de crecimiento desde los 12 meses en polvo Nestlé Nan Optipro 3 lata 800 g.,"21,10 €",,"26,37 €/kg",,Parafarmacia,Bebé,Leche infantil,https://static.carrefour.es/hd_510x_/img_pim_food/268202_00_1.jpg
https://www.carrefour.es/supermercado/pan-de-molde-integral-con-corteza-bimbo-360-g/R-VC4AECOMM-418046/p,Pan de molde integral con corteza Bimbo 360 g.,"3,15 €",,"8,75 €/kg",,La Despensa,"Panaderia, Bollería y Pastelería",Especialidades de pan,https://static.carrefour.es/hd_510x_/img_pim_food/418046_00_1.jpg
https://www.carrefour.es/supermercado/gofres-schar-sin-gluten-100-g/R-VC4AECOMM-431330/p,Gofres Schär sin gluten 100 g.,"4,29 €",,"42,90 €/kg",,La Despensa,"Panaderia, Bollería y Pastelería",Bollería,https://static.carrefour.es/hd_510x_/img_pim_food/431330_00_1.jpg
https://www.carrefour.es/supermercado/tortita-kebab-de-pollo-aldelis-334-g/R-VC4AECOMM-147689/p,Tortita kebab de pollo Aldelís 334 g.,"3,75 €",,"11,23 €/kg",,La Despensa,"Conservas, Sopas y Precocinados",Platos Preparados,https://static.carrefour.es/hd_510x_/img_pim_food/147689_00_1.jpg
https://www.carrefour.es/supermercado/chocolate-con-leche-y-avellanas-troceadas-classic-carrefour-sin-gluten-150-g/R-521004264/p,Chocolate con leche y avellanas troceadas Classic´ Carrefour sin gluten 150 g.,"1,50 €",,"10,00 €/kg",,La Despensa,Dulce,Bombones y Chocolates,https://static.carrefour.es/hd_510x_/img_pim_food/231572_00_1.jpg
https://www.carrefour.es/supermercado/chicles-de-sandia-sin-azucar-clix-sin-gluten-pack-de-3-unidades-de-156-g/R-VC4AECOMM-609552/p,"Chicles de sandía sin azúcar Clix sin gluten pack de 3 unidades de 15,6 g.","1,70 €",,"36,96 €/kg",,La Despensa,Dulce,Dulces y Golosinas,https://static.carrefour.es/hd_510x_/img_pim_food/609552_00_1.jpg
https://www.carrefour.es/supermercado/locion-corporal-reafirmante-hidratante-con-aceite-de-argan-nivea-q10-400-ml/R-VC4AECOMM-685889/p,Loción corporal reafirmante hidratante con aceite de argán Nivea Q10 400 ml.,"6,75 €",,"1,69 €/100ml",,Perfumería e Higiene,Cuidado y Protección Corporal,"Body Milk, Hidratación Bajo la Ducha",https://static.carrefour.es/hd_510x_/img_pim_food/685889_00_1.jpg
https://www.carrefour.es/supermercado/jamon-curado-seleccion-loncha-el-pozo-90-g/R-VC4AECOMM-710124/p,Jamón curado selección loncha El Pozo 90 g.,"1,65 €",,"20,62 €/kg",,Productos Frescos,Charcutería,Jamón Serrano e Ibérico Envasado,https://static.carrefour.es/hd_510x_/img_pim_food/710124_00_1.jpg
https://www.carrefour.es/supermercado/limpiador-facial-en-espuma-vitamina-c-idc-institute-240-ml/R-VC4AECOMM-141321/p,Limpiador facial en espuma vitamina C IDC Institute 240 ml.,"4,79 €",,"2,00 €/100ml",,Perfumería e Higiene,Cuidado y Protección Corporal,Limpieza Facial,https://static.carrefour.es/hd_510x_/img_pim_food/141321_00_1.jpg
https://www.carrefour.es/supermercado/cerveza-san-miguel-magna-golden-lager-lata-33-cl/R-fprod1180063/p,Cerveza San Miguel Magna golden lager lata 33 cl.,"0,81 €",,"2,45 €/l",,Bebidas,Cerveza,Todas las Cervezas,https://static.carrefour.es/hd_510x_/img_pim_food/218188_00_1.jpg
https://www.carrefour.es/supermercado/mascarilla-de-pies-nutritiva-con-camomila-idc-institute-40-g/R-VC4AECOMM-680095/p,Mascarilla de pies nutritiva con camomila IDC Institute 40 g.,"1,88 €",,"1,88 €/ud",,Perfumería e Higiene,Cuidado y Protección Corporal,Pies,https://static.carrefour.es/hd_510x_/img_pim_food/680095_00_1.jpg
https://www.carrefour.es/supermercado/nata-para-montar-en-sobres-dr-oetker-3-ud/R-799398338/p,Nata para montar en sobres Dr. Oetker 3 ud.,"1,62 €",,"54,00 €/kg",,La Despensa,Lácteos,Nata,https://static.carrefour.es/hd_510x_/img_pim_food/904321_00_1.jpg
https://www.carrefour.es/supermercado/locion-corporal-cica-reparacion-intensa-para-piel-seca-neutrogena-2-unidades-750-ml/R-VC4AECOMM-393621/p,Loción corporal cica reparación intensa para piel seca Neutrogena 2 unidades 750 ml.,"22,50 €",,"1,50 €/100ml",,Parafarmacia,Cuidado corporal,Cremas y Lociones,https://static.carrefour.es/hd_510x_/img_pim_food/393621_00_1.jpg
https://www.carrefour.es/supermercado/colutorio-sensibilidad-dental-sensilacer-500-ml/R-590507950/p,Colutorio sensibilidad dental Sensilacer 500 ml.,"9,45 €",,"1,89 €/100ml",,Parafarmacia,Higiene Bucal,Colutorio,https://static.carrefour.es/hd_510x_/img_pim_food/548407_00_1.jpg
https://www.carrefour.es/supermercado/zumo-de-naranja-don-simon-exprimido-con-pulpa-brik-1-l/R-520660822/p,Zumo de naranja Don Simón exprimido con pulpa brik 1 l.,"2,25 €",,"2,25 €/l",,Bebidas,Aguas y Zumos,Zumos no Refrigerados,https://static.carrefour.es/hd_510x_/img_pim_food/194724_00_1.jpg
https://www.carrefour.es/supermercado/pudding-de-proteinas-desnatado-sabor-vainilla-danone-yopro-sin-azucar-anadido-180-g/R-VC4AECOMM-100449/p,Pudding de proteínas desnatado sabor vainilla Danone Yopro sin azúcar añadido 180 g.,"1,95 €",,"10,83 €/kg",,La Despensa,Yogures y Postres,Proteína,https://static.carrefour.es/hd_510x_/img_pim_food/100449_00_1.jpg
https://www.carrefour.es/supermercado/alcohol-96-orby-250-ml/R-VC4AECOMM-229971/p,Alcohol 96º Orb'y 250 ml.,"1,31 €",,"0,52 €/100ml",,Parafarmacia,Botiquín,Antisépticos y Talcos,https://static.carrefour.es/hd_510x_/img_pim_food/229971_00_1.jpg
https://www.carrefour.es/supermercado/detergente-en-liquido-limpio-y-liso-wipp-express-43-lavados/R-VC4AECOMM-179137/p,Detergente en líquido limpio y liso Wipp Express 43 lavados.,"16,09 €",,"0,37 €/lavado",,Limpieza y Hogar,Cuidado de la Ropa,Detergentes,https://static.carrefour.es/hd_510x_/img_pim_food/179137_00_1.jpg
https://www.carrefour.es/supermercado/lomos-de-merluza-a-la-romana-pescanova-325-g/R-521031314/p,Lomos de merluza a la romana Pescanova 325 g.,"5,59 €",,"17,20 €/kg",,Congelados,Rebozados y Platos Preparados,,https://static.carrefour.es/hd_510x_/img_pim_food/153891_00_1.jpg
https://www.carrefour.es/supermercado/jamon-de-pato-en-lonchas-carrefour-seleccion-100-g/R-VC4AECOMM-710377/p,Jamón de pato en lonchas Carrefour Selección 100 g.,"6,75 €",,"67,50 €/kg",,Productos Frescos,Charcutería,Jamón Serrano e Ibérico Envasado,https://static.carrefour.es/hd_510x_/img_pim_food/710377_00_1.jpg
https://www.carrefour.es/supermercado/gamba-pelada-cruda-mediana-carrefour-360-g/R-VC4AECOMM-446929/p,Gamba pelada cruda mediana Carrefour 360 g,"6,99 €",,"19,42 €/kg",,Congelados,Mariscos Congelados,,https://static.carrefour.es/hd_510x_/img_pim_food/446929_00_1.jpg
https://www.carrefour.es/supermercado/tarrito-de-frutas-variadas-desde-4-meses-hero-baby-sin-gluten-190-g/R-VC4AECOMM-219077/p,Tarrito de frutas variadas desde 4 meses Hero Baby sin gluten 190 g.,"1,29 €",,"6,79 €/kg",,Bebé,Alimentación infantil,Tarritos y Platos Preparados,https://static.carrefour.es/hd_510x_/img_pim_food/219077_00_1.jpg
https://www.carrefour.es/supermercado/vino-frizzante-vina-lobon-75-cl/R-VC4AECOMM-045977/p,Vino frizzante Viña Lobon 75 cl.,"2,69 €",,"2,69 €/ud",,Bebidas,Vinos,Blanco,https://static.carrefour.es/hd_510x_/img_pim_food/045977_00_1.jpg
https://www.carrefour.es/supermercado/chicles-sabor-bubblemint-orbit-sin-azucar-64/R-VC4AECOMM-388257/p,Chicles sabor bubblemint Orbit sin azúcar 64,"3,25 €",,"50,78 €/kg",,La Despensa,Dulce,Dulces y Golosinas,https://static.carrefour.es/hd_510x_/img_pim_food/388257_00_1.jpg
https://www.carrefour.es/supermercado/seta-shitake-deshidratada-bolsa-30-g/R-VC4AECOMM-493507/p,Seta shitake deshidratada bolsa 30 g,"3,87 €",,"129,00 €/kg",,Productos Frescos,Verduras y hortalizas,Hortalizas,https://static.carrefour.es/hd_510x_/img_pim_food/493507_00_1.jpg
https://www.carrefour.es/supermercado/salchichas-hot-dog-ahumadas-y-sin-piel-classic-carrefour-300-g/R-755204166/p,Salchichas hot dog ahumadas y sin piel Classic Carrefour 300 g.,"3,19 €",,"10,63 €/kg",,La Despensa,"Conservas, Sopas y Precocinados",Conservas de Carne,https://static.carrefour.es/hd_510x_/img_pim_food/764161_00_1.jpg
https://www.carrefour.es/supermercado/multivitaminico-y-multiminerales-mujer-en-capsulas-onevit-sin-gluten-y-sin-lactosa-45-ud/R-VC4AECOMM-486758/p,Multivitamínico y multiminerales mujer en cápsulas Onevit sin gluten y sin lactosa 45 ud.,"7,35 €",,"26,25 €/100g",,Parafarmacia,Nutrición y Dietética,Complementos Vitamínicos,https://static.carrefour.es/hd_510x_/img_pim_food/486758_00_1.jpg
https://www.carrefour.es/supermercado/salsa-mojo-picon-picante-de-nuestra-tierra-200-g/R-VC4AECOMM-648117/p,Salsa mojo picón picante De Nuestra Tierra 200 g.,"5,75 €",,"28,75 €/kg",,La Despensa,Alimentación,Salsas y Tomate Frito,https://static.carrefour.es/hd_510x_/img_pim_food/648117_00_1.jpg
https://www.carrefour.es/supermercado/paleta-curada-de-teruel-aire-sano-8-estaciones-sin-gluten-y-sin-lactosa-120-g/R-VC4AECOMM-337573/p,Paleta curada de Teruel Aire Sano 8 Estaciones sin gluten y sin lactosa 120 g,"3,15 €",,"26,25 €/kg",,Productos Frescos,Charcutería,Jamón Serrano e Ibérico Envasado,https://static.carrefour.es/hd_510x_/img_pim_food/337573_00_1.jpg
https://www.carrefour.es/supermercado/set-de-3-estropajos-salvaunas-scotch-brite-classic/R-527018095/p,Set de 3 Estropajos Salvauñas SCOTCH BRITE Classic,"2,35 €",,"0,78 €/ud",,Limpieza y Hogar,Utensilios de Limpieza,Estropajos,https://static.carrefour.es/hd_510x_/img_pim_food/496337_00_1.jpg
https://www.carrefour.es/supermercado/bebida-lactea-desnatada-de-vainilla-proteina-plus-sensation-carrefour-sin-gluten-y-sin-azucar-anadido-330-ml/R-VC4AECOMM-432261/p,Bebida láctea desnatada de vainilla Proteína Plus Sensation Carrefour sin gluten y sin azúcar añadido 330 ml.,"1,42 €",,"4,30 €/l",,La Despensa,Yogures y Postres,Proteína,https://static.carrefour.es/hd_510x_/img_pim_food/432261_00_1.jpg
https://www.carrefour.es/supermercado/pepsi-zero-azucar-pack-de-2-botellas-de-175-cl/R-VC4AECOMM-689343/p,"Pepsi zero azúcar pack de 2 botellas de 1,75 cl.","3,15 €",,"0,90 €/l",,Bebidas,Refrescos,Colas,https://static.carrefour.es/hd_510x_/img_pim_food/689343_00_1.jpg
https://www.carrefour.es/supermercado/cava-reserva-ecologico-agusti-torello-mata-brut-75-cl/R-790114313/p,Agusti Torello Mata Cava Gran Reserva 2019,"13,45 €",,"13,45 €/ud",,,,,https://static.carrefour.es/hd_510x_/img_pim_food/886182_00_1.jpg
https://www.carrefour.es/supermercado/cerveza-budweiser-lager-botella-33-cl/R-520661191/p,Cerveza Budweiser Lager botella 33 cl.,"1,80 €",,"5,45 €/l",,Bebidas,Cerveza,Rubia,https://static.carrefour.es/hd_510x_/img_pim_food/007333_00_1.jpg
https://www.carrefour.es/supermercado/font-vella-la-limonada-con-zumo-de-limon-sin-gas-botella-125-l/R-709601819/p,"Font Vella La Limonada con zumo de limón sin gas botella 1,25 l.","1,94 €",,"1,55 €/l",,Bebidas,Refrescos,Sabores sin Gas,https://static.carrefour.es/hd_510x_/img_pim_food/424114_00_1.jpg
https://www.carrefour.es/supermercado/cereales-de-maiz-sin-azucar-anadido-corn-flakes-carrefour-500-g/R-527030608/p,Cereales de maíz sin azúcar añadido Corn Flakes Carrefour 500 g.,"1,50 €",,"3,00 €/kg",,La Despensa,Desayuno,Cereales,https://static.carrefour.es/hd_510x_/img_pim_food/114094_00_1.jpg
https://www.carrefour.es/supermercado/caramelos-de-goma-favoritos-classic-haribo-1-kg/R-VC4AECOMM-264515/p,Caramelos de goma Favoritos Classic Haribo 1 kg.,"11,69 €",,"11,69 €/kg",,La Despensa,Dulce,Dulces y Golosinas,https://static.carrefour.es/hd_510x_/img_pim_food/264515_00_1.jpg
https://www.carrefour.es/supermercado/chocolate-negro-70-lindt-excellence-pack-de-2-tabletas-de-100-g/R-594401819/p,Chocolate negro 70% Lindt Excellence pack de 2 tabletas de 100 g.,"6,09 €",,"30,45 €/kg",,La Despensa,Dulce,Bombones y Chocolates,https://static.carrefour.es/hd_510x_/img_pim_food/348874_00_1.jpg
https://www.carrefour.es/supermercado/yogur-natural-azucarado-carrefour-classic-pack-de-8-unidades-de-125-g/R-VC4AECOMM-440996/p,Yogur natural azucarado Carrefour Classic' pack de 8 unidades de 125 g.,"1,40 €",,"1,40 €/kg",,La Despensa,Yogures y Postres,Yogur Natural y Sabores,https://static.carrefour.es/hd_510x_/img_pim_food/440996_00_1.jpg
https://www.carrefour.es/supermercado/lochas-vegetarianas-con-verduras-carrefour-veggie-sin-gluten-y-sin-lactosa-100-g/R-VC4AECOMM-697189/p,Lochas vegetarianas con verduras Carrefour Veggie sin gluten y sin lactosa 100 g.,"1,35 €",,"13,50 €/kg",,Productos Frescos,Charcutería,Fiambre de Pavo y Pollo,https://static.carrefour.es/hd_510x_/img_pim_food/697189_00_1.jpg
https://www.carrefour.es/supermercado/complemento-alimenticio-para-el-cabello-y-las-unas-en-capsulas-pilexil-capsulas-150-ud/R-646502623/p,Complemento alimenticio para el cabello y las uñas en cápsulas Pilexil Cápsulas 150 ud.,"36,70 €",,"24,47 €/100g",,Parafarmacia,Nutrición y Dietética,Complementos Vitamínicos,https://static.carrefour.es/hd_510x_/img_pim_food/816459_00_1.jpg
https://www.carrefour.es/supermercado/limpiador-de-amoniaco-con-detergente/R-prod261891/p,Limpiador de amoniaco con detergente,"1,30 €",,"0,87 €/l",,Limpieza y Hogar,Productos para toda la casa,Limpiacristales y Multiusos,https://static.carrefour.es/hd_510x_/img_pim_food/865839_00_1.jpg
https://www.carrefour.es/supermercado/tomate-frito-con-aceite-de-oliva-virgen-carrefour-390-g/R-605901653/p,Tomate frito con aceite de oliva virgen Carrefour 390 g.,"0,93 €",,"2,38 €/kg",,La Despensa,Alimentación,Salsas y Tomate Frito,https://static.carrefour.es/hd_510x_/img_pim_food/382986_00_1.jpg
https://www.carrefour.es/supermercado/bombon-helado-intense-dark-70-cacao-collection-magnum-sin-gluten-3-ud/R-prod70685/p,Bombón helado Intense Dark 70% cacao Collection Magnum sin gluten 3 ud.,"4,99 €",,"1,66 €/ud",,Congelados,Helados,Bombón Helado,https://static.carrefour.es/hd_510x_/img_pim_food/193192_00_1.jpg
https://www.carrefour.es/supermercado/detergente-liquido-flor-de-naranjo-y-hojas-citricas-ecologico-botanical-origin-35-lavados/R-VC4AECOMM-419040/p,Detergente líquido flor de naranjo y hojas cítricas ecológico Botanical Origin 35 lavados.,"15,29 €",,"0,44 €/lavado",,Limpieza y Hogar,Cuidado de la Ropa,Detergentes,https://static.carrefour.es/hd_510x_/img_pim_food/419040_00_1.jpg
https://www.carrefour.es/supermercado/serum-facial-hydrating-plumping-a-hialuronicovitb5-dermocracy-30-ml/R-VC4AECOMM-365429/p,Serum facial hydrating plumping + A. hialurónico+VitB5 Dermocracy 30 ml.,"12,65 €",,"42,17 €/100ml",,Perfumería e Higiene,Cosmética,Rostro,https://static.carrefour.es/hd_510x_/img_pim_food/365429_00_1.jpg
https://www.carrefour.es/supermercado/chocolate-con-leche-y-caramelo-salado-lindt-100-g/R-VC4AECOMM-423734/p,Chocolate con leche y caramelo salado Lindt 100 g.,"2,15 €",,"21,50 €/kg",,La Despensa,Dulce,Bombones y Chocolates,https://static.carrefour.es/hd_510x_/img_pim_food/423734_00_1.jpg
https://www.carrefour.es/supermercado/salsa-ricotta-carrefour-sin-gluten-300-g/R-VC4AECOMM-502318/p,Salsa ricotta Carrefour sin gluten 300 g.,"2,09 €",,"6,97 €/kg",,La Despensa,Alimentación,Salsas y Tomate Frito,https://static.carrefour.es/hd_510x_/img_pim_food/502318_00_1.jpg
https://www.carrefour.es/supermercado/papel-higienico-2-capas-simpl-choice-24-rollos/R-VC4AECOMM-167069/p,Papel higiénico 2 capas Simpl Choice 24 rollos,"3,99 €",,"0,17 €/ud",,Limpieza y Hogar,Papel y Celulosa,Papel Higiénico,https://static.carrefour.es/hd_510x_/img_pim_food/167069_00_1.jpg
https://www.carrefour.es/supermercado/suavizante-concentrado-hipoalergenico-essential-carrefour-15-l/R-VC4AECOMM-728356/p,"Suavizante concentrado hipoalergénico Essential Carrefour 1,5 l.","2,65 €",,"1,77 €/l",,Limpieza y Hogar,Cuidado de la Ropa,Suavizantes,https://static.carrefour.es/hd_510x_/img_pim_food/728356_00_1.jpg
https://www.carrefour.es/supermercado/patatas-fritas-sabor-jamon-ruffles-150-g/R-VC4AECOMM-718769/p,Patatas fritas sabor jamón Ruffles 150 g.,"2,15 €",,"14,33 €/kg",,La Despensa,Aperitivos,Patatas Fritas,https://static.carrefour.es/hd_510x_/img_pim_food/718769_00_1.jpg
https://www.carrefour.es/supermercado/insecticida-chinches-y-pulgas-zum-300-ml/R-660701771/p,Insecticida chinches y pulgas Zum 300 ml.,"6,75 €",,"22,50 €/l",,Limpieza y Hogar,Productos para toda la casa,Insecticidas,https://static.carrefour.es/hd_510x_/img_pim_food/311655_00_1.jpg
https://www.carrefour.es/supermercado/surtido-de-chocolate-negro-lindt-mini-excellence-130-g/R-VC4AECOMM-400345/p,Surtido de chocolate negro Lindt Mini Excellence 130 g.,"5,99 €",,"46,08 €/kg",,La Despensa,Dulce,Bombones y Chocolates,https://static.carrefour.es/hd_510x_/img_pim_food/400345_00_1.jpg
https://www.carrefour.es/supermercado/horchata-de-chufa-original-chufi-sin-gluten-sin-lactosa-botella-1-l/R-521007111/p,Horchata de chufa Original Chufi sin gluten sin lactosa botella 1 l.,"1,99 €",,"1,99 €/l",,La Despensa,Lácteos,Batidos y Horchatas,https://static.carrefour.es/hd_510x_/img_pim_food/044607_00_1.jpg
https://www.carrefour.es/supermercado/huevas-negras-de-lumpo-procedente-de-pesca-sostenible-carrefour-80-g/R-prod550271/p,Huevas negras de lumpo procedente de pesca sostenible Carrefour 80 g.,"2,69 €",,"33,62 €/kg",,Productos Frescos,Pescadería,Ahumados y Huevas,https://static.carrefour.es/hd_510x_/img_pim_food/836485_00_1.jpg
https://www.carrefour.es/supermercado/crema-facial-hidratante-suavidad-y-brillo-ecologico-nectar-of-bio-les-cosmetiques-50-ml/R-fprod1460618/p,Crema facial hidratante suavidad y brillo ecológico Nectar of Bio Les Cosmétiques 50 ml.,"6,75 €",,"13,50 €/100ml",,Perfumería e Higiene,Cuidado y Protección Corporal,Piel,https://static.carrefour.es/hd_510x_/img_pim_food/403993_00_1.jpg
https://www.carrefour.es/supermercado/caramelos-sabor-limon-melisa-sin-azucar-ricola-70-g/R-540201936/p,Caramelos sabor limón melisa sin azúcar Ricola 70 g.,"2,15 €",,"30,71 €/kg",,La Despensa,Dulce,Dulces y Golosinas,https://static.carrefour.es/hd_510x_/img_pim_food/207146_00_1.jpg
https://www.carrefour.es/supermercado/ambientador-electrico-fragancia-entre-dos-aguas-aparato-y-recambio-air-wick-1-ud/R-839100337/p,Ambientador eléctrico fragancia entre dos aguas aparato y recambio Air Wick 1 ud.,"6,99 €",,"6,99 €/ud",,Limpieza y Hogar,Ambientadores,Eléctricos,https://static.carrefour.es/hd_510x_/img_pim_food/975711_00_1.jpg
https://www.carrefour.es/supermercado/papilla-infantil-desde-12-meses-8-cereales-con-cacao-nestle-sin-azucar-anadido-725-g/R-VC4AECOMM-125646/p,Papilla infantil desde 12 meses 8 cereales con cacao Nestlé sin azúcar añadido 725 g.,"5,45 €",,"7,52 €/kg",,Bebé,Alimentación infantil,Papillas,https://static.carrefour.es/hd_510x_/img_pim_food/125646_00_1.jpg
https://www.carrefour.es/supermercado/judia-perona-selecta-300-g/R-522715456/p,Judia perona selecta 300 g,"2,89 €",,"9,63 €/kg",,Productos Frescos,Verduras y hortalizas,Hortalizas,https://static.carrefour.es/hd_510x_/img_pim_food/259456_00_1.jpg
https://www.carrefour.es/supermercado/cerveza-tostada-cruzcampo-gran-reserva-malta-pack-de-10-latas-de-33-cl/R-fprod1190418/p,Cerveza tostada Cruzcampo gran reserva malta pack de 10 latas de 33 cl.,"8,79 €",,"2,66 €/l",,Bebidas,Cerveza,Tostada - Roja,https://static.carrefour.es/hd_510x_/img_pim_food/242525_00_1.jpg
https://www.carrefour.es/supermercado/leche-semidesnatada-central-lechera-asturiana-botella-15-l/R-521007077/p,"Leche semidesnatada Central Lechera Asturiana botella 1,5 l.","1,78 €",,"1,19 €/l",,La Despensa,Lácteos,Leche,https://static.carrefour.es/hd_510x_/img_pim_food/049424_00_1.jpg
https://www.carrefour.es/supermercado/sopa-jardinera-calnort-66-g/R-VC4AECOMM-763940/p,Sopa jardinera Calnort 66 g.,"0,40 €",,"6,06 €/kg",,La Despensa,"Conservas, Sopas y Precocinados","Caldos, Sopas y Pure",https://static.carrefour.es/hd_510x_/img_pim_food/763940_00_1.jpg
https://www.carrefour.es/supermercado/queso-curado-de-oveja-en-aceite-de-oliva-vegasotuelamos-tarro-de-400-g/R-VC4AECOMM-711636/p,Queso curado de oveja en aceite de oliva Vegasotuelamos tarro de 400 g,"11,68 €",,"11,68 €/ud",,Productos Frescos,Quesos,Curado,https://static.carrefour.es/hd_510x_/img_pim_food/711636_00_1.jpg
https://www.carrefour.es/supermercado/cigala-cruda-congelada-carrefour-extra-800-g/R-521031190/p,Cigala cruda congelada Carrefour Extra 800 g,"17,35 €",,"21,69 €/kg",,,,,https://static.carrefour.es/hd_510x_/img_pim_food/753152_00_1.jpg
https://www.carrefour.es/supermercado/detergente-liquido-original-ariel-60-lavados/R-VC4AECOMM-769175/p,Detergente líquido Original Ariel 60 lavados.,"18,89 €",,"0,31 €/lavado",,Limpieza y Hogar,Cuidado de la Ropa,Detergentes,https://static.carrefour.es/hd_510x_/img_pim_food/769175_00_1.jpg
https://www.carrefour.es/supermercado/gel-derma-lactacyd-1-l/R-590508518/p,Gel Derma Lactacyd 1 l.,"12,19 €",,"1,22 €/100ml",,Parafarmacia,Cuidado corporal,Jabones y Geles,https://static.carrefour.es/hd_510x_/img_pim_food/552536_00_1.jpg
https://www.carrefour.es/supermercado/tarrito-de-pera-ciruela-y-platano-desde-4-meses-ecologico-smileat-sin-gluten-130-g/R-prod395448/p,"Tarrito de pera, ciruela y plátano desde 4 meses ecológico Smileat sin gluten 130 g.","1,91 €",,"14,69 €/kg",,Bebé,Alimentación infantil,Tarritos y Platos Preparados,https://static.carrefour.es/hd_510x_/img_pim_food/497351_00_1.jpg
https://www.carrefour.es/supermercado/pimienta-de-cayena-entera-carrefour-15-g/R-fprod1260094/p,Pimienta de cayena entera Carrefour 15 g.,"0,75 €",,"50,00 €/kg",,La Despensa,Alimentación,Especias y Sazonadores,https://static.carrefour.es/hd_510x_/img_pim_food/318551_00_1.jpg
https://www.carrefour.es/supermercado/pejerrey-crudo-congelado-delfin-500-g/R-527030642/p,Pejerrey crudo congelado Delfín 500 g.,"3,09 €",,"6,18 €/kg",,Congelados,Pescados Congelados,,https://static.carrefour.es/hd_510x_/img_pim_food/115697_00_1.jpg
https://www.carrefour.es/supermercado/varitas-de-merluza-empanada-carrefour-450-g/R-840600803/p,Varitas de merluza empanada Carrefour 450 g.,"3,05 €",,"6,78 €/kg",,Congelados,Rebozados y Platos Preparados,,https://static.carrefour.es/hd_510x_/img_pim_food/978886_00_1.jpg
https://www.carrefour.es/supermercado/galletas-con-pepitas-de-chocolate-ecologicas-gullon-250-g/R-prod395592/p,Galletas con pepitas de chocolate ecológicas Gullón 250 g.,"3,99 €",,"15,96 €/kg",,La Despensa,Desayuno,Galletas,https://static.carrefour.es/hd_510x_/img_pim_food/504926_00_1.jpg
https://www.carrefour.es/supermercado/kefir-liquido-natural-ecologico-carrefour-bio-500-g/R-VC4AECOMM-451904/p,Kéfir líquido natural ecológico Carrefour Bio 500 g.,"1,52 €",,"3,04 €/kg",,La Despensa,Yogures y Postres,Yogur Natural y Sabores,https://static.carrefour.es/hd_510x_/img_pim_food/451904_00_1.jpg
https://www.carrefour.es/supermercado/jamon-de-bellota-iberico-100-raza-iberica-dop-jabugo-cortado-a-cuchillo-de-nuestra-tierra-80-g/R-fprod1470196/p,Jamón de Bellota Ibérico 100% Raza Ibérica DOP Jabugo cortado a cuchillo De Nuestra Tierra 80 g,"19,49 €",,"243,62 €/kg",,Productos Frescos,Charcutería,Jamón Serrano e Ibérico Envasado,https://static.carrefour.es/hd_510x_/img_pim_food/092363_00_1.jpg
https://www.carrefour.es/supermercado/pechuga-de-pavo-en-lonchas-noel-delizias-sin-gluten-y-sin-lactosa-110-g/R-631306759/p,Pechuga de Pavo en lonchas Noel Delizias sin gluten y sin lactosa 110 g,"2,45 €",,"20,42 €/kg",,Productos Frescos,Charcutería,Fiambre de Pavo y Pollo,https://static.carrefour.es/hd_510x_/img_pim_food/371509_00_1.jpg
https://www.carrefour.es/supermercado/huevos-de-gallinas-criadas-en-suelo-carrefour-el-mercado-6-ud/R-VC4AECOMM-307947/p,Huevos de gallinas criadas en suelo Carrefour El Mercado 6 ud.,"1,17 €",,"2,34 €/docena",,La Despensa,Huevos,Huevos frescos,https://static.carrefour.es/hd_510x_/img_pim_food/307947_00_1.jpg
https://www.carrefour.es/supermercado/pizza-carbonara-fina-y-crujiente-forno-di-pietra-buitoni-300-g/R-732408760/p,Pizza carbonara fina y crujiente Forno di Pietra Buitoni 300 g.,"3,65 €",,"12,17 €/kg",,Congelados,Pizzas Congeladas,,https://static.carrefour.es/hd_510x_/img_pim_food/687852_00_1.jpg
https://www.carrefour.es/supermercado/burguer-vegetal-100-chicken-style-carrefour-veggie-230-g/R-VC4AECOMM-702010/p,Burguer vegetal 100% chicken style Carrefour Veggie 230 g,"2,99 €",,"13,00 €/kg",,Productos Frescos,Carnicería,Hamburguesas,https://static.carrefour.es/hd_510x_/img_pim_food/702010_00_1.jpg
https://www.carrefour.es/supermercado/papel-aluminio-carrefour-30-metros/R-VC4AECOMM-698682/p,Papel aluminio Carrefour 30 metros.,"1,99 €",,"0,07 €/m",,Limpieza y Hogar,Conservación de Alimentos,Film Transparente,https://static.carrefour.es/hd_510x_/img_pim_food/698682_00_1.jpg
https://www.carrefour.es/supermercado/suavizante-concentrado-mediterraneo-flor-78-lavados/R-prod540214/p,Suavizante concentrado mediterráneo Flor 78 lavados.,"5,09 €",,"0,07 €/lavado",,Limpieza y Hogar,Cuidado de la Ropa,Suavizantes,https://static.carrefour.es/hd_510x_/img_pim_food/835217_00_1.jpg
https://www.carrefour.es/supermercado/galletas-con-tableta-de-chocolate-negro-petit-ecolier-150-g/R-521002899/p,Galletas con tableta de chocolate negro Petit écolier 150 g.,"2,99 €",,"19,93 €/kg",,La Despensa,Desayuno,Galletas,https://static.carrefour.es/hd_510x_/img_pim_food/001677_00_1.jpg
https://www.carrefour.es/supermercado/pizza-diavola-picante-fina-y-crujiente-forno-di-pietra-buitoni-340-g/R-855503709/p,Pizza diavola picante fina y crujiente Forno di Pietra Buitoni 340 g.,"3,65 €",,"10,74 €/kg",,Congelados,Pizzas Congeladas,,https://static.carrefour.es/hd_510x_/img_pim_food/087628_00_1.jpg
https://www.carrefour.es/supermercado/arroz-con-leche-sin-azucar-anadido-reina-sin-gluten-pack-de-4-unidades-de-125-g/R-prod380443/p,Arroz con leche sin azúcar añadido Reina sin gluten pack de 4 unidades de 125 g.,"1,92 €",,"3,84 €/kg",,La Despensa,Yogures y Postres,Otros Postres,https://static.carrefour.es/hd_510x_/img_pim_food/447810_00_1.jpg
https://www.carrefour.es/supermercado/crema-de-pies-absorcion-inmediata-para-pieles-secas-neutrogena-100-ml/R-769008774/p,Crema de pies absorción inmediata para pieles secas Neutrogena 100 ml.,"11,09 €",,"11,09 €/100ml",,Parafarmacia,Cuidado de manos y pies,Soluciones Durezas,https://static.carrefour.es/hd_510x_/img_pim_food/777472_00_1.jpg
https://www.carrefour.es/supermercado/tinte-color-permanente-n-1-negro-0-amoniaco-science-les-cosmetiques-1-ud/R-VC4AECOMM-110636/p,Tinte color permanente nº 1 negro 0% Amoniaco Science Les Cosmétiques 1 ud.,"3,89 €",,"3,89 €/ud",,Perfumería e Higiene,Cabello,Tinte,https://static.carrefour.es/hd_510x_/img_pim_food/110636_00_1.jpg
https://www.carrefour.es/supermercado/desodorante-body-spray-tonic-proteccion-48h-perfume-acidulado-carrefour-men-150-ml/R-VC4AECOMM-658684/p,Desodorante body spray tonic protección 48h perfume acidulado Carrefour Men 150 ml.,"1,27 €",,"0,85 €/100ml",,Perfumería e Higiene,Baño e Higiene Corporal,Desodorantes,https://static.carrefour.es/hd_510x_/img_pim_food/658684_00_1.jpg
https://www.carrefour.es/supermercado/nuggets-originales-heura-400-g/R-VC4AECOMM-014747/p,Nuggets originales Heura 400 g,"8,79 €",,"21,98 €/kg",,Congelados,Rebozados y Platos Preparados,,https://static.carrefour.es/hd_510x_/img_pim_food/014747_00_1.jpg
https://www.carrefour.es/supermercado/vitamin-well-reload-sabor-lima-limon-botella-50-cl/R-828922443/p,Vitamin Well reload sabor lima-limón botella 50 cl.,"2,39 €",,"4,78 €/l",,Bebidas,Refrescos,Sabores sin Gas,https://static.carrefour.es/hd_510x_/img_pim_food/964053_00_1.jpg
https://www.carrefour.es/supermercado/patata-lavada-para-todo-uso-carrefour-3-kg/R-596701537/p,Patata lavada para todo uso Carrefour 3 kg,"5,00 €",,"1,67 €/kg",,Productos Frescos,Verduras y hortalizas,"Patatas, Cebollas y Ajos",https://static.carrefour.es/hd_510x_/img_pim_food/343849_00_1.jpg
https://www.carrefour.es/supermercado/gel-de-ducha-0-pieles-normales-science-les-cosmetiques-750-ml/R-VC4AECOMM-155305/p,Gel de ducha 0% pieles normales Science Les Cosmétiques 750 ml.,"2,05 €",,"0,27 €/100ml",,Perfumería e Higiene,Baño e Higiene Corporal,Geles de Baño,https://static.carrefour.es/hd_510x_/img_pim_food/155305_00_1.jpg
https://www.carrefour.es/supermercado/varitas-popcorn-de-merluza-pescanova-300-g/R-526517693/p,Varitas popcorn de merluza Pescanova 300 g.,"4,45 €",,"14,83 €/kg",,Congelados,Rebozados y Platos Preparados,,https://static.carrefour.es/hd_510x_/img_pim_food/799996_00_1.jpg
https://www.carrefour.es/supermercado/pacharan-andui-1-l/R-prod620186/p,Pacharán Anduí 1 l.,"7,55 €",,"7,55 €/l",,,,,https://static.carrefour.es/hd_510x_/img_pim_food/841808_00_1.jpg
https://www.carrefour.es/supermercado/cocktail-de-frutos-secos-mix-5-classic-mistercorn-grefusa-300-g/R-780049001/p,Cocktail de frutos secos Mix 5 Classic MisterCorn Grefusa 300 g.,"2,69 €",,"8,97 €/kg",,La Despensa,Aperitivos,Frutos Secos,https://static.carrefour.es/hd_510x_/img_pim_food/789855_00_1.jpg
https://www.carrefour.es/supermercado/garbanzo-pedrosillano-classic-carrefour-1-kg/R-VC4AECOMM-024668/p,Garbanzo pedrosillano Classic Carrefour 1 kg.,"1,89 €",,"1,89 €/kg",,La Despensa,Alimentación,Legumbres,https://static.carrefour.es/hd_510x_/img_pim_food/024668_00_1.jpg
https://www.carrefour.es/supermercado/queso-quark-de-arandano-y-vainilla-con-proteinas-valio-profeel-protein-sin-lactosa-175-g/R-VC4AECOMM-338486/p,Queso quark de arándano y vainilla con proteínas Valio Profeel Protein sin lactosa 175 g.,"1,60 €",,"9,14 €/kg",,La Despensa,Yogures y Postres,Proteína,https://static.carrefour.es/hd_510x_/img_pim_food/338486_00_1.jpg
https://www.carrefour.es/supermercado/crema-de-manos-concentrada-50-ml-labial-spf-20-1-ud-formula-noruega-neutrogena/R-730287273/p,Crema de manos concentrada 50 ml + labial SPF 20 1 ud. Fórmula Noruega Neutrogena,"9,75 €",,"9,75 €/ud",,Parafarmacia,Cuidado corporal,Cremas y Lociones,https://static.carrefour.es/hd_510x_/img_pim_food/680426_00_1.jpg
https://www.carrefour.es/supermercado/arroz-integral-sos-1-kg/R-696810961/p,Arroz integral Sos 1 kg.,"2,09 €",,"2,09 €/kg",,La Despensa,Alimentación,Arroz y Cous Cous,https://static.carrefour.es/hd_510x_/img_pim_food/052162_00_1.jpg
https://www.carrefour.es/supermercado/aceitunas-manzanilla-aperitivo-450-g/R-prod280538/p,Aceitunas manzanilla Aperitivo 450 g,"4,07 €",,"8,14 €/kg",,La Despensa,Aperitivos,Aceitunas y Encurtidos,https://static.carrefour.es/hd_510x_/img_pim_food/340472_00_1.jpg
https://www.carrefour.es/supermercado/leche-infantil-de-continuacion-desde-6-meses-en-polvo-almiron-advance-2-sin-aceite-de-palma-1200-g/R-712703613/p,Leche infantil de continuación desde 6 meses en polvo Almirón Advance 2 sin aceite de palma 1200 g.,"29,80 €",,"24,83 €/kg",,Parafarmacia,Bebé,Leche infantil,https://static.carrefour.es/hd_510x_/img_pim_food/439195_00_1.jpg
https://www.carrefour.es/supermercado/cerveza-tostada-mahou-maestra-doble-lupulo-pack-6-botellas-25-cl/R-VC4AECOMM-079727/p,Cerveza tostada Mahou Maestra doble lúpulo pack 6 botellas 25 cl.,"5,39 €",,"3,59 €/l",,Bebidas,Cerveza,Todas las Cervezas,https://static.carrefour.es/hd_510x_/img_pim_food/079727_00_1.jpg
https://www.carrefour.es/supermercado/aceite-de-oliva-virgen-extra-ecologico-carrefour-bio-1-l/R-prod870663/p,Aceite de oliva virgen extra ecológico Carrefour Bio 1 l.,"15,19 €",,"15,19 €/l",,La Despensa,Alimentación,Aceites y vinagres,https://static.carrefour.es/hd_510x_/img_pim_food/010630_00_1.jpg
https://www.carrefour.es/supermercado/postre-de-coco-platano-desde-6-meses-nestle-yogolino-sin-gluten-y-sin-lactosa-pack-de-4-unidades-de-90-g/R-VC4AECOMM-243259/p,Postre de coco plátano desde 6 meses Nestlé Yogolino sin gluten y sin lactosa pack de 4 unidades de 90 g.,"3,25 €",,"9,03 €/kg",,Bebé,Alimentación infantil,"Postres, Zumos, Petit y Yogures Infantiles",https://static.carrefour.es/hd_510x_/img_pim_food/243259_00_1.jpg
https://www.carrefour.es/supermercado/serum-cellular-luminous-630-antimanchas-nivea-30-ml/R-VC4AECOMM-587417/p,Sérum Cellular Luminous 630 Antimanchas Nivea 30 ml.,"25,10 €",,"83,67 €/100ml",,Perfumería e Higiene,Cosmética,Rostro,https://static.carrefour.es/hd_510x_/img_pim_food/587417_00_1.jpg
https://www.carrefour.es/supermercado/dentifrico-blanqueadora-max-white-one-colgate-pack-de-2-unidades-de-75-ml/R-prod240701/p,Dentífrico blanqueadora Max White One Colgate pack de 2 unidades de 75 ml.,"4,75 €",,"3,17 €/100ml",,Perfumería e Higiene,Boca y Sonrisa,Dentífricos,https://static.carrefour.es/hd_510x_/img_pim_food/285473_00_1.jpg
https://www.carrefour.es/supermercado/vino-tinto-reserva-tempranillo-vina-cumbrero-doca-rioja-pack-de-6-botellas-de-75-cl/R-prod520042/p,Vino tinto reserva tempranillo Viña Cumbrero D.O.Ca Rioja pack de 6 botellas de 75 cl.,"32,90 €",,"32,90 €/ud",,,,,https://static.carrefour.es/hd_510x_/img_pim_food/832814_00_1.jpg
https://www.carrefour.es/supermercado/pizza-de-atun-y-bacon-casa-tarradellas-405-g/R-521030235/p,Pizza de atún y bacon Casa Tarradellas 405 g.,"3,29 €",,"8,12 €/kg",,La Despensa,"Conservas, Sopas y Precocinados",Pizzas,https://static.carrefour.es/hd_510x_/img_pim_food/051246_00_1.jpg
https://www.carrefour.es/supermercado/cacao-soluble-natural-100-valor-sin-gluten-250-g/R-prod394192/p,Cacao soluble natural 100% Valor sin gluten 250 g.,"4,85 €",,"19,40 €/kg",,La Despensa,Desayuno,Cacaos y Cereales Solubles,https://static.carrefour.es/hd_510x_/img_pim_food/289878_00_1.jpg
https://www.carrefour.es/supermercado/caldo-casero-de-pescado-gallina-blanca-sin-gluten-1-l/R-682701954/p,Caldo casero de pescado Gallina Blanca sin gluten 1 l.,"2,19 €",,"2,19 €/l",,La Despensa,"Conservas, Sopas y Precocinados","Caldos, Sopas y Pure",https://static.carrefour.es/hd_510x_/img_pim_food/069310_00_1.jpg
https://www.carrefour.es/supermercado/bolsita-de-manzana-pera-y-melocoton-be-plus-120-g/R-VC4AECOMM-433491/p,"Bolsita de manzana, pera y melocotón Be Plus 120 g.","0,98 €",,"8,17 €/kg",,Bebé,Alimentación infantil,"Postres, Zumos, Petit y Yogures Infantiles",https://static.carrefour.es/hd_510x_/img_pim_food/433491_00_1.jpg
https://www.carrefour.es/supermercado/queso-de-vaca-saint-nectaire-laitier-dop-francia-reflets-de-france-280-g/R-VC4AECOMM-683651/p,Queso de vaca Saint-Nectaire Laitier DOP Francia Reflets de France 280 g,"7,39 €",,"26,39 €/kg",,Productos Frescos,Quesos,Todos los Quesos,https://static.carrefour.es/hd_510x_/img_pim_food/683651_00_1.jpg
https://www.carrefour.es/supermercado/buguer-cruchy-sin-gluten-carrefour-el-mercado-240-g/R-VC4AECOMM-249478/p,Buguer cruchy sin gluten Carrefour El Mercado 240 g,"3,59 €",,"3,59 €/ud",,Productos Frescos,Carnicería,Hamburguesas,https://static.carrefour.es/hd_510x_/img_pim_food/249478_00_1.jpg
https://www.carrefour.es/supermercado/cerveza-cruzcampo-shandy-con-limon-lata-33-cl/R-520661376/p,Cerveza Cruzcampo Shandy con limón lata 33 cl.,"0,91 €",,"2,76 €/l",,Bebidas,Cerveza,"Radler, Clara",https://static.carrefour.es/hd_510x_/img_pim_food/549988_00_1.jpg
https://www.carrefour.es/supermercado/fregona-de-microfibra-vileda-super/R-VC4AECOMM-572677/p,Fregona de Microfibra VILEDA Super,"5,79 €",,"5,79 €/ud",,Limpieza y Hogar,Utensilios de Limpieza,Fregonas,https://static.carrefour.es/hd_510x_/img_pim_food/572677_00_1.jpg
https://www.carrefour.es/supermercado/brotes-de-soja-carrefour-pack-de-2-unidades-de-90-g/R-798482431/p,Brotes de soja Carrefour pack de 2 unidades de 90 g.,"1,74 €",,"9,67 €/kg",,La Despensa,"Conservas, Sopas y Precocinados",Conservas de Vegetales,https://static.carrefour.es/hd_510x_/img_pim_food/898956_00_1.jpg
https://www.carrefour.es/supermercado/leche-fermentada-de-proteinas-desnatada-con-fresa-danone-yopro-pack-2-unidades-de-160-g/R-VC4AECOMM-246544/p,Leche fermentada de proteínas desnatada con fresa Danone Yopro pack 2 unidades de 160 g.,"2,69 €",,"8,41 €/kg",,La Despensa,Yogures y Postres,Proteína,https://static.carrefour.es/hd_510x_/img_pim_food/246544_00_1.jpg
https://www.carrefour.es/supermercado/pimientos-de-piquillo-ecologico-carrefour-bio-165-g/R-VC4AECOMM-512347/p,Pimientos de piquillo ecológico Carrefour Bio 165 g.,"3,99 €",,"24,18 €/kg",,La Despensa,"Conservas, Sopas y Precocinados",Conservas de Vegetales,https://static.carrefour.es/hd_510x_/img_pim_food/512347_00_1.jpg
https://www.carrefour.es/supermercado/vino-tinto-crianza-bardesano-doca-rioja-75-cl/R-702506805/p,Vino tinto crianza Bardesano D.O.Ca. Rioja 75 cl.,"4,79 €",,"4,79 €/ud",,,,,https://static.carrefour.es/hd_510x_/img_pim_food/403136_00_1.jpg
https://www.carrefour.es/supermercado/salchichas-de-pechuga-de-pavo-king-el-pozo-sin-gluten-330-g/R-prod820183/p,Salchichas de pechuga de pavo King El Pozo sin gluten 330 g.,"2,29 €",,"6,94 €/kg",,Productos Frescos,Charcutería,Salchichas,https://static.carrefour.es/hd_510x_/img_pim_food/264296_00_1.jpg
https://www.carrefour.es/supermercado/limpiamaquinas-lavavajillas-power-2en1-carrefour-expert-250-ml/R-642402376/p,Limpiamáquinas lavavajillas Power 2en1 Carrefour Expert 250 ml.,"1,55 €",,"6,20 €/l",,Limpieza y Hogar,Productos para Cocina,Aditivos y limpiamáquinas,https://static.carrefour.es/hd_510x_/img_pim_food/814015_00_1.jpg
https://www.carrefour.es/supermercado/cacao-y-leche-en-capsulas-milka-tassimo-8-unidades-42-g/R-852200344/p,Cacao y Leche en Cápsulas Milka Tassimo 8 unidades 42 g.,"7,25 €",,"30,21 €/kg",,La Despensa,Desayuno,Cacaos y Cereales Solubles,https://static.carrefour.es/hd_510x_/img_pim_food/061521_00_1.jpg
https://www.carrefour.es/supermercado/bonito-del-norte-en-aceite-de-oliva-con-trufa-extra-carrefour-130-g/R-VC4AECOMM-110412/p,Bonito del norte en aceite de oliva con trufa Extra Carrefour 130 g.,"5,39 €",,"41,46 €/kg",,La Despensa,"Conservas, Sopas y Precocinados",Conservas de Pescado y Marisco,https://static.carrefour.es/hd_510x_/img_pim_food/110412_00_1.jpg
https://www.carrefour.es/supermercado/paleta-de-bellota-iberica-100-raza-iberica-en-lonchas-altanera-90-g/R-VC4AECOMM-337544/p,Paleta de Bellota Ibérica 100% Raza Ibérica en lonchas Altanera 90 g,"11,09 €",,"123,22 €/kg",,Productos Frescos,Charcutería,Jamón Serrano e Ibérico Envasado,https://static.carrefour.es/hd_510x_/img_pim_food/337544_00_1.jpg
https://www.carrefour.es/supermercado/ajo-circulo-de-calidad-250-g/R-521031667/p,Ajo Círculo de Calidad 250 g,"1,75 €",,"7,00 €/kg",,Productos Frescos,Verduras y hortalizas,"Patatas, Cebollas y Ajos",https://static.carrefour.es/hd_510x_/img_pim_food/496386_00_1.jpg
https://www.carrefour.es/supermercado/baguettina-congelada-sin-gluten-1-ud/R-607225987/p,Baguettina congelada sin gluten 1 ud,"1,19 €",,"10,82 €/kg",,Productos Frescos,Panadería Tradicional,Pan Tradicional,https://static.carrefour.es/hd_510x_/img_pim_food/799678_00_1.jpg
https://www.carrefour.es/supermercado/cerveza-el-aguila-sin-filtrar-00-alcohol-botella-33-cl/R-VC4AECOMM-360268/p,"Cerveza El Águila sin filtrar 0,0 alcohol botella 33 cl.","0,99 €",,"3,00 €/l",,Bebidas,Cerveza,Rubia,https://static.carrefour.es/hd_510x_/img_pim_food/360268_00_1.jpg
https://www.carrefour.es/supermercado/esponja-doble-accion-exfoliacion-profunda-carrefour-2-ud/R-fprod1280751/p,Esponja doble acción exfoliación profunda Carrefour 2 ud.,"1,30 €",,"0,65 €/ud",,Perfumería e Higiene,Baño e Higiene Corporal,"Esponjas, Manoplas y Cepillos de Baño",https://static.carrefour.es/hd_510x_/img_pim_food/331352_00_1.jpg
https://www.carrefour.es/supermercado/rucula-florette-100-g/R-616401738/p,Rúcula Florette 100 g,"2,13 €",,"21,30 €/kg",,Productos Frescos,Verduras y hortalizas,Ensaladas y Verduras Preparadas,https://static.carrefour.es/hd_510x_/img_pim_food/155396_00_1.jpg
https://www.carrefour.es/supermercado/pizza-4-quesos-carrefour-600-g/R-prod600133/p,Pizza 4 quesos Carrefour 600 g.,"4,65 €",,"8,02 €/kg",,Congelados,Pizzas Congeladas,,https://static.carrefour.es/hd_510x_/img_pim_food/841070_00_1.jpg
https://www.carrefour.es/supermercado/salchichas-viena-campofrio-sin-gluten-sin-lactosa-pack-de-3-unidades-de-170-g/R-VC4AECOMM-206406/p,Salchichas viena Campofrío sin gluten sin lactosa pack de 3 unidades de 170 g.,"2,50 €",,"4,90 €/kg",,Productos Frescos,Charcutería,Salchichas,https://static.carrefour.es/hd_510x_/img_pim_food/206406_00_1.jpg
https://www.carrefour.es/supermercado/tostadas-de-centeno-integral-y-semillas-de-sesamo-extra-carrefour-250-g/R-VC4AECOMM-473152/p,Tostadas de centeno integral y semillas de sésamo Extra Carrefour 250 g.,"1,37 €",,"5,48 €/kg",,La Despensa,"Panaderia, Bollería y Pastelería","Pan tostado, Biscottes y Barritas",https://static.carrefour.es/hd_510x_/img_pim_food/473152_00_1.jpg
https://www.carrefour.es/supermercado/pechuga-de-pavo-reducida-en-sal-y-sin-grasa-el-pozo-bienstar-sin-gluten-y-sin-lactosa-340-g/R-VC4AECOMM-711222/p,Pechuga de pavo reducida en sal y sin grasa El Pozo Bienstar sin gluten y sin lactosa 340 g,"4,09 €",,"12,03 €/kg",,Productos Frescos,Charcutería,Fiambre de Pavo y Pollo,https://static.carrefour.es/hd_510x_/img_pim_food/711222_00_1.jpg
https://www.carrefour.es/supermercado/champu-para-cabellos-blancos-con-extracto-de-magnolia-silver-shine-science-300-ml/R-VC4AECOMM-681119/p,Champú para cabellos blancos con extracto de magnolia Silver Shine Science 300 ml.,"2,15 €",,"0,72 €/100ml",,Perfumería e Higiene,Cabello,Champús,https://static.carrefour.es/hd_510x_/img_pim_food/681119_00_1.jpg
https://www.carrefour.es/supermercado/galletas-de-cacao-con-crema-de-leche-schar-sin-gluten-100-g/R-645207106/p,Galletas de cacao con crema de leche Schär sin gluten 100 g.,"2,29 €",,"22,90 €/kg",,La Despensa,Desayuno,Galletas,https://static.carrefour.es/hd_510x_/img_pim_food/814856_00_1.jpg
https://www.carrefour.es/supermercado/galletas-para-helados-mels-20-ud/R-VC4AECOMM-187585/p,Galletas para helados Mels 20 ud.,"0,43 €",,"12,29 €/kg",,La Despensa,Desayuno,Galletas,https://static.carrefour.es/hd_510x_/img_pim_food/187585_00_1.jpg
https://www.carrefour.es/supermercado/panuelos-compact-resistente-a-la-lavadora-colhogar-24-ud/R-fprod1320385/p,Pañuelos compact resistente a la lavadora Colhogar 24 ud.,"4,45 €",,"0,19 €/ud",,Limpieza y Hogar,Papel y Celulosa,Pañuelos,https://static.carrefour.es/hd_510x_/img_pim_food/335041_00_1.jpg
https://www.carrefour.es/supermercado/chocolate-negro-90-lindt-excellence-100-g/R-526539369/p,Chocolate negro 90% Lindt Excellence 100 g.,"3,79 €",,"37,90 €/kg",,La Despensa,Dulce,Bombones y Chocolates,https://static.carrefour.es/hd_510x_/img_pim_food/794789_00_1.jpg
https://www.carrefour.es/supermercado/queso-fundido-en-porciones-light-la-vaca-que-rie-sin-gluten-375-g/R-674001751/p,Queso fundido en porciones light La Vaca Que Ríe sin gluten 375 g.,"3,83 €","3,75 €","10,35 €/kg","10,14 €/kg",Productos Frescos,Quesos,Fundidos,https://static.carrefour.es/hd_510x_/img_pim_food/011464_00_1.jpg
https://www.carrefour.es/supermercado/crema-de-chocolate-carrefour-classic-sin-aceite-de-palma-400-g/R-VC4AECOMM-605045/p,Crema de chocolate Carrefour Classic sin aceite de palma 400 g.,"2,55 €",,"6,37 €/kg",,La Despensa,Dulce,"Cremas de Cacao, Avellana y Cacahuete",https://static.carrefour.es/hd_510x_/img_pim_food/605045_00_1.jpg
https://www.carrefour.es/supermercado/salsa-teriyaki-para-marinados-kikkoman-botella-250-ml/R-590216629/p,Salsa teriyaki para marinados Kikkoman botella 250 ml.,"5,99 €",,"23,96 €/l",,La Despensa,Alimentación,Salsas y Tomate Frito,https://static.carrefour.es/hd_510x_/img_pim_food/797593_00_1.jpg
https://www.carrefour.es/supermercado/mini-bombon-helado-de-frambuesa-double-magnum-6-ud/R-prod100166/p,Mini bombón helado de frambuesa Double Magnum 6 ud.,"6,05 €",,"1,01 €/ud",,,,,https://static.carrefour.es/hd_510x_/img_pim_food/193091_00_1.jpg
https://www.carrefour.es/supermercado/preparado-de-pure-de-verduras-peladas-900-g/R-528413012/p,Preparado de puré de verduras peladas 900 g,"3,05 €",,"3.050,00 €/ud",,Productos Frescos,Verduras y hortalizas,Ensaladas y Verduras Preparadas,https://static.carrefour.es/hd_510x_/img_pim_food/174504_00_1.jpg
https://www.carrefour.es/supermercado/dentifrico-proteccion-profesional-pro-expert-oral-b-pack-de-2-unidades-de-75-ml/R-VC4AECOMM-194877/p,Dentífrico protección profesional Pro-Expert Oral-B pack de 2 unidades de 75 ml.,"5,49 €",,"3,66 €/100ml",,Perfumería e Higiene,Boca y Sonrisa,Dentífricos,https://static.carrefour.es/hd_510x_/img_pim_food/194877_00_1.jpg
https://www.carrefour.es/supermercado/queso-azul-roquefort-societe-cuna-de-130-g/R-VC4AECOMM-685161/p,Queso azul roquefort Societé cuña de 130 g,"6,21 €",,"47,77 €/kg",,Productos Frescos,Quesos,Todos los Quesos,https://static.carrefour.es/hd_510x_/img_pim_food/685161_00_1.jpg
https://www.carrefour.es/supermercado/zumo-de-pina-100-premium-granini-botella-1-l/R-fprod1190404/p,Zumo de piña 100% Premium Granini botella 1 l.,"3,09 €",,"3,09 €/l",,Bebidas,Aguas y Zumos,Zumos no Refrigerados,https://static.carrefour.es/hd_510x_/img_pim_food/241919_00_1.jpg
https://www.carrefour.es/supermercado/cerveza-pils-carrefour-lata-33-cl/R-VC4AECOMM-420538/p,Cerveza Pils Carrefour lata 33 cl.,"0,62 €",,"1,88 €/l",,Bebidas,Cerveza,Todas las Cervezas,https://static.carrefour.es/hd_510x_/img_pim_food/420538_00_1.jpg
https://www.carrefour.es/supermercado/carbonato-de-magnesio-en-polvo-ana-maria-lajusticia-sin-gluten-130-g/R-VC4AECOMM-477902/p,Carbonato de magnesio en polvo Ana María Lajusticia sin gluten 130 g.,"10,65 €",,"8,19 €/100g",,Parafarmacia,Nutrición y Dietética,Complementos Vitamínicos,https://static.carrefour.es/hd_510x_/img_pim_food/477902_00_1.jpg
https://www.carrefour.es/supermercado/atun-en-aceite-john-west-112-g/R-prod240442/p,Atún en aceite John West 112 g.,"3,75 €",,"33,48 €/kg",,La Despensa,"Conservas, Sopas y Precocinados",Conservas de Pescado y Marisco,https://static.carrefour.es/hd_510x_/img_pim_food/936979_00_1.jpg
https://www.carrefour.es/supermercado/percarbonato-blanqueante-carrefour-expert-750-g/R-VC4AECOMM-747910/p,Percarbonato blanqueante Carrefour Expert 750 g.,"1,65 €",,"2,20 €/kg",,Limpieza y Hogar,Cuidado de la Ropa,Aditivos y quitamanchas,https://static.carrefour.es/hd_510x_/img_pim_food/747910_00_1.jpg
https://www.carrefour.es/supermercado/comida-humeda-seleccion-de-pescados-para-gato-adulto-gourmet-mon-petit-6x50-g/R-826004277/p,Comida húmeda selección de pescados para gato adulto Gourmet Mon Petit 6x50 g.,"3,05 €",,"10,17 €/kg",,Mascotas,Gatos,Premios y Snacks,https://static.carrefour.es/hd_510x_/img_pim_food/903970_00_1.jpg
https://www.carrefour.es/supermercado/bombon-blueberry-cookie-chill-magnum-3-ud/R-VC4AECOMM-328733/p,Bombón blueberry cookie Chill Magnum 3 ud.,"5,19 €",,"1,73 €/ud",,Congelados,Helados,Bombón Helado,https://static.carrefour.es/hd_510x_/img_pim_food/328733_00_1.jpg
https://www.carrefour.es/supermercado/agua-mineral-con-gas-font-vella-1-l/R-VC4AECOMM-637108/p,Agua mineral con gas Font Vella 1 l.,"1,47 €",,"1,47 €/l",,Bebidas,Aguas y Zumos,Agua con gas,https://static.carrefour.es/hd_510x_/img_pim_food/637108_00_1.jpg
https://www.carrefour.es/supermercado/rabanito-bolsa-carrefour-250-g/R-VC4AECOMM-076280/p,Rabanito bolsa Carrefour 250 g,"1,00 €",,"4,00 €/kg",,Productos Frescos,Verduras y hortalizas,Ensaladas y Verduras Preparadas,https://static.carrefour.es/hd_510x_/img_pim_food/076280_00_1.jpg
https://www.carrefour.es/supermercado/pepsi-max-zero-azucar-botella-50-cl/R-600804887/p,Pepsi Max zero azúcar botella 50 cl.,"1,40 €",,"2,80 €/l",,Bebidas,Refrescos,Colas,https://static.carrefour.es/hd_510x_/img_pim_food/738741_00_1.jpg
https://www.carrefour.es/supermercado/protegeslip-normal-carrefour-30-ud/R-864802167/p,Protegeslip normal Carrefour 30 ud.,"2,09 €",,"0,07 €/ud",,Perfumería e Higiene,Higiene íntima,Protege Slip,https://static.carrefour.es/hd_510x_/img_pim_food/153479_00_1.jpg
https://www.carrefour.es/supermercado/champu-cereza-2en1-kids-carrefour-soft-250-ml/R-VC4AECOMM-147682/p,Champú cereza 2en1 Kids Carrefour Soft 250 ml.,"1,41 €",,"0,56 €/100ml",,Perfumería e Higiene,Cabello,Champús,https://static.carrefour.es/hd_510x_/img_pim_food/147682_00_1.jpg
https://www.carrefour.es/supermercado/lomos-de-bacalao-congelado-500-g-aprox/R-VC4AECOMM-451223/p,Lomos de bacalao congelado 500 g aprox,"10,47 €",,"20,95 €/kg",,Congelados,Pescados Congelados,,https://static.carrefour.es/hd_510x_/img_pim_food/451223_00_1.jpg
https://www.carrefour.es/supermercado/caramelos-de-goma-favoritos-pica-haribo-250-g/R-737026396/p,Caramelos de goma Favoritos Pica Haribo 250 g.,"3,55 €",,"14,20 €/kg",,La Despensa,Dulce,Dulces y Golosinas,https://static.carrefour.es/hd_510x_/img_pim_food/705423_00_1.jpg
https://www.carrefour.es/supermercado/caramelos-de-goma-phantasia-haribo-90-g/R-VC4AECOMM-639997/p,Caramelos de goma Phantasia Haribo 90 g.,"1,58 €",,"17,56 €/kg",,,,,https://static.carrefour.es/hd_510x_/img_pim_food/639997_00_1.jpg
https://www.carrefour.es/supermercado/kiwi-selecta-zespri-bandeja-4-ud-500-g-aprox/R-804032185/p,Kiwi selecta Zespri bandeja 4 ud 500 g aprox,"3,65 €",,"7,30 €/kg",,Productos Frescos,Frutas,"Piñas, Kiwis, Aguacates y Tropicales",https://static.carrefour.es/hd_510x_/img_pim_food/914213_00_1.jpg
https://www.carrefour.es/supermercado/panales-carrefour-baby-softprotect-talla-2-3-6-kg-60-ud/R-prod970336/p,Pañales Carrefour Baby soft&protect Talla 2 (3-6 kg) 60 ud.,"9,15 €",,"0,15 €/ud",,Bebé,Pañales y Toallitas,Pañales Carrefour Baby,https://static.carrefour.es/hd_510x_/img_pim_food/052212_00_1.jpg
https://www.carrefour.es/supermercado/coloracion-permanente-n-1-ultra-negro-garnier-color-sensation-1-ud/R-652602056/p,Coloración Permanente nº 1 Ultra Negro Garnier Color Sensation 1 ud.,"3,49 €",,"3,49 €/ud",,Perfumería e Higiene,Cabello,Tinte,https://static.carrefour.es/hd_510x_/img_pim_food/169368_00_1.jpg
https://www.carrefour.es/supermercado/tinte-permanente-sin-amoniaco-5-92-rojo-intense-oleo-intense-syoss-1-ud/R-prod860178/p,Tinte permanente sin amoniaco 5-92 rojo intense Oleo Intense SYOSS 1 ud.,"6,45 €",,"6,45 €/ud",,Perfumería e Higiene,Cabello,Tinte,https://static.carrefour.es/hd_510x_/img_pim_food/386306_00_1.jpg
https://www.carrefour.es/supermercado/limpiador-de-bano-tenn-13-l/R-521001258/p,"Limpiador de baño Tenn 1,3 l.","3,69 €",,"2,84 €/l",,Limpieza y Hogar,Productos para Baño,Limpiadores Baño,https://static.carrefour.es/hd_510x_/img_pim_food/793528_00_1.jpg
https://www.carrefour.es/supermercado/escoba-para-pequenos-espacios-carrefour/R-655302064/p,Escoba para Pequeños Espacios Carrefour,"1,70 €",,"1,70 €/ud",,Limpieza y Hogar,Utensilios de Limpieza,"Escobas, Mopas y Recogedores",https://static.carrefour.es/hd_510x_/img_pim_food/810893_00_1.jpg
https://www.carrefour.es/supermercado/yogur-sabor-macedonia-carrefour-classic-pack-de-4-unidades-de-125-g/R-VC4AECOMM-373116/p,Yogur sabor macedonia Carrefour Classic' pack de 4 unidades de 125 g.,"0,80 €",,"1,60 €/kg",,La Despensa,Yogures y Postres,Yogur Natural y Sabores,https://static.carrefour.es/hd_510x_/img_pim_food/373116_00_1.jpg
https://www.carrefour.es/supermercado/salchichas-de-queso-oscar-mayers-jumbo-sin-gluten-350-g/R-521031156/p,Salchichas de queso Oscar Mayers Jumbo sin gluten 350 g.,"2,55 €",,"7,29 €/kg",,Productos Frescos,Charcutería,Salchichas,https://static.carrefour.es/hd_510x_/img_pim_food/480387_00_1.jpg
https://www.carrefour.es/supermercado/chocolate-negro-nestle-dolca-sin-gluten-100-g/R-prod1000705/p,Chocolate negro Nestlé Dolca sin gluten 100 g.,"1,08 €",,"10,80 €/kg",,La Despensa,Dulce,Bombones y Chocolates,https://static.carrefour.es/hd_510x_/img_pim_food/085508_00_1.jpg
https://www.carrefour.es/supermercado/suavizante-concentrado-sensorial-flor-elixir-63-lavados/R-VC4AECOMM-176580/p,Suavizante concentrado Sensorial Flor Elixir 63 lavados.,"4,75 €",,"0,08 €/lavado",,Limpieza y Hogar,Cuidado de la Ropa,Suavizantes,https://static.carrefour.es/hd_510x_/img_pim_food/176580_00_1.jpg
https://www.carrefour.es/supermercado/medio-pollo-troceado-1-kg-aprox/R-prod810867/p,Medio pollo troceado 1 kg aprox,"5,69 €",,"5,69 €/kg",,Productos Frescos,Carnicería,Aves y Pollo,https://static.carrefour.es/hd_510x_/img_pim_food/248849_00_1.jpg
https://www.carrefour.es/supermercado/bizcocho-de-zanahoria-con-crema-de-queso-reina-pack-de-2-unidades-de-90-g/R-VC4AECOMM-393304/p,Bizcocho de zanahoria con crema de queso Reina pack de 2 unidades de 90 g.,"1,94 €",,"10,78 €/kg",,La Despensa,Yogures y Postres,Otros Postres,https://static.carrefour.es/hd_510x_/img_pim_food/393304_00_1.jpg
https://www.carrefour.es/supermercado/crackers-integrales-classic-carrefour-250-g/R-521002661/p,Cracker's integrales Classic Carrefour 250 g.,"0,99 €",,"3,96 €/kg",,La Despensa,"Panaderia, Bollería y Pastelería","Colines, picos y crakers",https://static.carrefour.es/hd_510x_/img_pim_food/507870_00_1.jpg
https://www.carrefour.es/supermercado/ciruelas-sin-hueso-carrefour-200-g/R-521008609/p,Ciruelas sin hueso Carrefour 200 g.,"1,71 €",,"8,55 €/kg",,La Despensa,Aperitivos,Frutas Desecadas,https://static.carrefour.es/hd_510x_/img_pim_food/622907_00_1.jpg
https://www.carrefour.es/supermercado/espirales-de-tomate-y-espinacas-pasta-fina-gallo-400-g/R-775702623/p,Espirales de tomate y espinacas pasta fina Gallo 400 g.,"1,88 €",,"4,70 €/kg",,La Despensa,Alimentación,Pastas,https://static.carrefour.es/hd_510x_/img_pim_food/784026_00_1.jpg
https://www.carrefour.es/supermercado/caldo-natural-de-pollo-aneto-sin-gluten-y-sin-lactosa-brik-1-l/R-521005805/p,Caldo natural de pollo Aneto sin gluten y sin lactosa brik 1 l.,"4,30 €",,"4,30 €/l",,La Despensa,"Conservas, Sopas y Precocinados","Caldos, Sopas y Pure",https://static.carrefour.es/hd_510x_/img_pim_food/518713_00_1.jpg
https://www.carrefour.es/supermercado/vino-lambrusco-rosado-monteberin-75-cl/R-626501657/p,Vino Lambrusco rosado Monteberin 75 cl.,"4,45 €",,"4,45 €/ud",,Bebidas,Vinos,Vinos internacionales,https://static.carrefour.es/hd_510x_/img_pim_food/803533_00_1.jpg
https://www.carrefour.es/supermercado/leche-fermentada-natural-desnatada-danone-pack-de-4-unidades-de-120-g/R-VC4AECOMM-384347/p,Leche fermentada natural desnatada Danone pack de 4 unidades de 120 g.,"1,41 €",,"2,94 €/kg",,La Despensa,Yogures y Postres,Yogures Desnatados,https://static.carrefour.es/hd_510x_/img_pim_food/384347_00_1.jpg
https://www.carrefour.es/supermercado/cana-de-lomo-de-bellota-iberico-100-raza-iberica-cinco-jotas-pieza-de-500-g-aprox/R-791548452/p,Caña de Lomo de Bellota Ibérico 100% Raza Ibérica Cinco Jotas pieza de 500 g aprox,"57,10 €",,"114,20 €/kg",,Productos Frescos,Charcutería,"Chorizo, Lomo y Otros",https://static.carrefour.es/hd_510x_/img_pim_food/887009_00_1.jpg
https://www.carrefour.es/supermercado/lejia-densa-carrefour-2-l/R-862700784/p,Lejía densa Carrefour 2 l.,"1,20 €",,"0,60 €/l",,Limpieza y Hogar,Cuidado de la Ropa,Lejías lavadora,https://static.carrefour.es/hd_510x_/img_pim_food/142269_00_1.jpg
https://www.carrefour.es/supermercado/suavizante-concentrado-floral-essential-carrefour-80-lavados/R-VC4AECOMM-371905/p,Suavizante concentrado floral Essential Carrefour 80 lavados.,"1,69 €",,"0,02 €/lavado",,Limpieza y Hogar,Cuidado de la Ropa,Suavizantes,https://static.carrefour.es/hd_510x_/img_pim_food/371905_00_1.jpg
https://www.carrefour.es/supermercado/papel-de-cocina-mega3-foxy-6-rollos/R-prod220396/p,Papel de cocina Mega3 Foxy 6 rollos.,"11,65 €",,"1,94 €/ud",,Limpieza y Hogar,Papel y Celulosa,Papel Cocina y Multiusos,https://static.carrefour.es/hd_510x_/img_pim_food/268281_00_1.jpg
https://www.carrefour.es/supermercado/crema-depilatoria-corporal-para-todo-tipo-de-pieles-carrefour-men-200-ml/R-VC4AECOMM-624460/p,Crema depilatoria corporal para todo tipo de pieles Carrefour Men 200 ml.,"4,15 €",,"2,07 €/100ml",,Perfumería e Higiene,Depilación y Afeitado,Depilación,https://static.carrefour.es/hd_510x_/img_pim_food/624460_00_1.jpg
https://www.carrefour.es/supermercado/cerveza-estrella-galicia-especial-pack-de-10-latas-33-cl/R-538002290/p,Cerveza Estrella Galicia especial pack de 10 latas 33 cl.,"8,49 €",,"2,57 €/l",,Bebidas,Cerveza,Todas las Cervezas,https://static.carrefour.es/hd_510x_/img_pim_food/560160_00_1.jpg
https://www.carrefour.es/supermercado/toallitas-desinfectantes-multiusos-sin-lejia-sanytol-30-ud-sanytol/R-789391523/p,Toallitas desinfectantes multiusos sin lejía Sanytol 30 ud.,"2,59 €",,"0,09 €/ud",,Limpieza y Hogar,Productos para toda la casa,Limpiacristales y Multiusos,https://static.carrefour.es/hd_510x_/img_pim_food/884087_00_1.jpg
https://www.carrefour.es/supermercado/pan-bocata-sin-aditivos-carrefour-4-ud/R-prod890105/p,Pan bocata sin aditivos Carrefour 4 ud,"1,35 €",,"3,37 €/kg",,Productos Frescos,Panadería Tradicional,Pan Tradicional,https://static.carrefour.es/hd_510x_/img_pim_food/035496_00_1.jpg
https://www.carrefour.es/supermercado/masa-para-pizza-rectangular-maxi-buitoni-350-g/R-800766466/p,Masa para pizza rectangular Maxi Buitoni 350 g.,"2,99 €",,"8,54 €/kg",,La Despensa,"Conservas, Sopas y Precocinados",Masa Fresca y Bases,https://static.carrefour.es/hd_510x_/img_pim_food/907547_00_1.jpg
https://www.carrefour.es/supermercado/vino-generoso-de-nuestra-tierra-domanzanilla-sanlucar-de-barrameda-75-cl/R-VC4AECOMM-472716/p,De Nuestra Tierra Manzanilla Generoso,"5,69 €",,"5,69 €/ud",,Bebidas,Vinos,Generosos y Dulces,https://static.carrefour.es/hd_510x_/img_pim_food/472716_00_1.jpg
https://www.carrefour.es/supermercado/magdalenas-mini-estilo-tradicional-con-pepitas-de-chocolate-the-rustik-bakery-190-g/R-VC4AECOMM-695042/p,Magdalenas mini estilo tradicional con pepitas de chocolate The Rustik Bakery 190 g.,"3,35 €",,"17,63 €/kg",,La Despensa,"Panaderia, Bollería y Pastelería",Bollería,https://static.carrefour.es/hd_510x_/img_pim_food/695042_00_1.jpg
https://www.carrefour.es/supermercado/tomate-frito-ecologico-hida-sin-gluten-tarro-350-g/R-826900524/p,Tomate frito ecológico Hida sin gluten tarro 350 g.,"2,45 €",,"7,00 €/kg",,La Despensa,Alimentación,Salsas y Tomate Frito,https://static.carrefour.es/hd_510x_/img_pim_food/961078_00_1.jpg
https://www.carrefour.es/supermercado/regaliz-de-goma-torcidas-fini-170-g/R-839900520/p,Regaliz de goma Torcidas Fini 170 g.,"1,14 €",,"7,60 €/kg",,La Despensa,Dulce,Dulces y Golosinas,https://static.carrefour.es/hd_510x_/img_pim_food/977268_00_1.jpg
https://www.carrefour.es/supermercado/agua-mineral-natural-nestle-aquarel-50-cl/R-546102594/p,Agua mineral natural Nestlé Aquarel 50 cl.,"0,76 €",,"1,52 €/l
- 4,56 €/6 uds.",,Bebidas,Aguas y Zumos,"Agua hasta 0,75 litros",https://static.carrefour.es/hd_510x_/img_pim_food/790070_00_1.jpg
https://www.carrefour.es/supermercado/caldo-de-carne-calnort-sin-gluten-12-pastillas/R-VC4AECOMM-219310/p,Caldo de carne Calnort sin gluten 12 pastillas,"0,49 €",,"4,08 €/kg",,La Despensa,"Conservas, Sopas y Precocinados","Caldos, Sopas y Pure",https://static.carrefour.es/hd_510x_/img_pim_food/219310_00_1.jpg
https://www.carrefour.es/supermercado/pasta-fideo-fina-gallo-400-g/R-VC4AECOMM-412923/p,Pasta fideo fina Gallo 400 g.,"1,73 €",,"4,32 €/kg",,La Despensa,Alimentación,Pastas,https://static.carrefour.es/hd_510x_/img_pim_food/412923_00_1.jpg
https://www.carrefour.es/supermercado/chimichurri-yuspe-50-g/R-590213545/p,Chimichurri Yuspe 50 g.,"2,35 €",,"47,00 €/kg",,La Despensa,Alimentación,Especias y Sazonadores,https://static.carrefour.es/hd_510x_/img_pim_food/580577_00_1.jpg
https://www.carrefour.es/supermercado/toallitas-para-gafas-clean-optic-carrefour-expert-30-ud/R-VC4AECOMM-573187/p,Toallitas para gafas clean optic Carrefour Expert 30 ud.,"1,50 €",,"0,05 €/ud",,Limpieza y Hogar,Papel y Celulosa,Toallitas Gafas,https://static.carrefour.es/hd_510x_/img_pim_food/573187_00_1.jpg
https://www.carrefour.es/supermercado/patatas-paja-con-aceite-de-girasol-clasic-carrefour-200-g/R-VC4AECOMM-815583/p,Patatas paja con aceite de girasol Clasic Carrefour 200 g.,"1,50 €",,"7,50 €/kg",,La Despensa,Aperitivos,Patatas Fritas,https://static.carrefour.es/hd_510x_/img_pim_food/815583_00_1.jpg
https://www.carrefour.es/supermercado/ensalada-romana-florette-200-g/R-VC4AECOMM-408701/p,Ensalada romana Florette 200 g,"1,62 €",,"8,10 €/kg",,Productos Frescos,Verduras y hortalizas,Ensaladas y Verduras Preparadas,https://static.carrefour.es/hd_510x_/img_pim_food/408701_00_1.jpg
https://www.carrefour.es/supermercado/cacao-soluble-con-frutas-y-cereales-cola-cao-complet-750-g/R-521029089/p,Cacao soluble con frutas y cereales Cola Cao Complet 750 g.,"8,09 €",,"10,79 €/kg",,La Despensa,Desayuno,Cacaos y Cereales Solubles,https://static.carrefour.es/hd_510x_/img_pim_food/601556_00_1.jpg
https://www.carrefour.es/supermercado/pastel-de-atun-250-g/R-VC4AECOMM-683233/p,Pastel de atún 250 g,"2,90 €",,"11,60 €/kg",,Productos Frescos,Platos Preparados Cocinados,"Ensaladas, Gazpachos y Sandwiches",https://static.carrefour.es/hd_510x_/img_pim_food/683233_00_1.jpg
https://www.carrefour.es/supermercado/barritas-de-trigo-y-fibra-de-avena-y-trocitos-de-chocolate-all-bran-kelloggs-6-unidades-de-40-g/R-521003398/p,Barritas de trigo y fibra de avena y trocitos de chocolate All Bran Kellogg's 6 unidades de 40 g.,"3,99 €",,"16,62 €/kg",,La Despensa,Desayuno,Cereales,https://static.carrefour.es/hd_510x_/img_pim_food/629018_00_1.jpg
https://www.carrefour.es/supermercado/serum-en-spray-metodo-rizos-n3-rizos-hidratados-y-definidos-durante-48h-garnier-fructis-150-ml/R-VC4AECOMM-316125/p,Sérum en spray método rizos nº3 rizos hidratados y definidos durante 48h Garnier Fructis 150 ml.,"8,25 €",,"5,50 €/100ml",,Perfumería e Higiene,Cabello,Cuidado y Tratamientos del cabello,https://static.carrefour.es/hd_510x_/img_pim_food/316125_00_1.jpg
https://www.carrefour.es/supermercado/cepillo-dental-especial-para-encias-vitis-1-ud/R-590511164/p,Cepillo dental especial para encías Vitis 1 ud.,"6,29 €",,"6,29 €/ud",,Parafarmacia,Higiene Bucal,Cepillos y Seda,https://static.carrefour.es/hd_510x_/img_pim_food/760449_00_1.jpg
https://www.carrefour.es/supermercado/yogur-estilo-griego-con-coco-yaos-sin-gluten-pack-4-unidades-115-g/R-VC4AECOMM-213094/p,Yogur estilo griego con coco Yaos sin gluten pack 4 unidades 115 g.,"1,68 €",,"3,65 €/kg",,La Despensa,Yogures y Postres,Yogures Griegos y Enriquecidos,https://static.carrefour.es/hd_510x_/img_pim_food/213094_00_1.jpg
https://www.carrefour.es/supermercado/salsa-alioli-carrefour-classic-sin-gluten-sin-lactosa-300-g/R-VC4AECOMM-183496/p,Salsa alioli Carrefour Classic' sin gluten sin lactosa 300 g.,"1,93 €",,"6,43 €/kg",,La Despensa,Alimentación,Salsas y Tomate Frito,https://static.carrefour.es/hd_510x_/img_pim_food/183496_00_1.jpg
https://www.carrefour.es/supermercado/burgermeat-de-vacuno-master-lomo-carrefour-el-mercado-2x180-g/R-VC4AECOMM-053261/p,Burgermeat de Vacuno Master Lomo Carrefour El Mercado 2x180 g,"4,09 €",,"11,36 €/kg",,Productos Frescos,Carnicería,Hamburguesas,https://static.carrefour.es/hd_510x_/img_pim_food/053261_00_1.jpg
https://www.carrefour.es/supermercado/leche-fermentada-desnatada-natural-edulcorado-sin-azucar-anadido-danone-vitalinea-pack-de-4-unidades-de-120-g/R-521029493/p,Leche fermentada desnatada natural edulcorado sin azúcar añadido Danone Vitalinea pack de 4 unidades de 120 g.,"2,05 €",,"4,27 €/kg",,La Despensa,Yogures y Postres,Yogur Natural y Sabores,https://static.carrefour.es/hd_510x_/img_pim_food/002930_00_1.jpg
https://www.carrefour.es/supermercado/cola-carrefour-classic-zero-lata-33-cl/R-VC4AECOMM-720300/p,Cola Carrefour Classic' zero lata 33 cl.,"0,32 €",,"0,97 €/l
- 1,92 €/6 uds.",,Bebidas,Refrescos,Colas,https://static.carrefour.es/hd_510x_/img_pim_food/720300_00_1.jpg
https://www.carrefour.es/supermercado/bloc-de-foie-gras-de-pato-de-sud-ouest-igp-francia-carrefour-200-g/R-VC4AECOMM-558177/p,Bloc de Foie Gras de Pato de Sud-Ouest IGP Francia Carrefour 200 g,"11,55 €",,"57,75 €/kg",,Productos Frescos,Charcutería,"Foie, Patés y Sobrasadas",https://static.carrefour.es/hd_510x_/img_pim_food/558177_00_1.jpg
https://www.carrefour.es/supermercado/queso-cheddar-tierno-en-porciones-mini-babybel-sin-lactosa-120-g/R-536001632/p,Queso cheddar tierno en porciones Mini Babybel sin lactosa 120 g.,"3,05 €",,"25,42 €/kg",,Productos Frescos,Quesos,Tierno,https://static.carrefour.es/hd_510x_/img_pim_food/155705_00_1.jpg
https://www.carrefour.es/supermercado/aceitunas-gordal-con-hueso-de-nuestra-tierra-190-g/R-521003934/p,Aceitunas gordal con hueso De Nuestra Tierra 190 g.,"3,09 €",,"16,26 €/kg",,La Despensa,Aperitivos,Aceitunas y Encurtidos,https://static.carrefour.es/hd_510x_/img_pim_food/372672_00_1.jpg
https://www.carrefour.es/supermercado/salchichas-ahumadas-tipo-frankfurter-original-carrefour-250-g/R-521006541/p,Salchichas ahumadas tipo Frankfurter Original Carrefour 250 g.,"2,25 €",,"9,00 €/kg",,La Despensa,"Conservas, Sopas y Precocinados",Conservas de Carne,https://static.carrefour.es/hd_510x_/img_pim_food/230427_00_1.jpg
https://www.carrefour.es/supermercado/ambientador-de-varillas-vainilla-y-magnolia-del-humalaya-botanica-de-air-wick-80-ml/R-VC4AECOMM-523473/p,Ambientador de varillas vainilla y magnolia del humalaya Botanica de Air Wick 80 ml.,"10,89 €",,"136,12 €/l",,Limpieza y Hogar,Ambientadores,Decorativos,https://static.carrefour.es/hd_510x_/img_pim_food/523473_00_1.jpg
https://www.carrefour.es/supermercado/tinte-creme-n-71-rubio-ceniza-loreal-excellence-1-ud/R-521007983/p,Tinte creme nº 7.1 Rubio Ceniza L'Oréal Excellence 1 ud.,"8,89 €",,"8,89 €/ud",,Perfumería e Higiene,Cabello,Tinte,https://static.carrefour.es/hd_510x_/img_pim_food/000961_00_1.jpg
https://www.carrefour.es/supermercado/pimiento-rojo-en-trozos-cidacos-pack-de-3-unidades-de-60-g/R-VC4AECOMM-029937/p,Pimiento rojo en trozos Cidacos pack de 3 unidades de 60 g.,"2,95 €",,"16,39 €/kg",,La Despensa,"Conservas, Sopas y Precocinados",Conservas de Vegetales,https://static.carrefour.es/hd_510x_/img_pim_food/029937_00_1.jpg
https://www.carrefour.es/supermercado/espinacas-al-ajillo-findus-450-g/R-521031555/p,Espinacas al ajillo Findus 450 g.,"4,35 €",,"9,67 €/kg",,La Despensa,"Conservas, Sopas y Precocinados","Salteados de Verdura, Arroz y Paella",https://static.carrefour.es/hd_510x_/img_pim_food/514853_00_1.jpg
https://www.carrefour.es/supermercado/lejia-accion-total-conejo-2-l/R-521001744/p,Lejía acción total Conejo 2 l.,"2,89 €",,"1,44 €/l",,Limpieza y Hogar,Productos para toda la casa,Lejías y Amoniacos,https://static.carrefour.es/hd_510x_/img_pim_food/000650_00_1.jpg
https://www.carrefour.es/supermercado/pate-de-pato-al-cava-carrefour-sin-gluten-190-g/R-VC4AECOMM-710562/p,Paté de pato al cava Carrefour sin gluten 190 g.,"4,95 €",,"26,05 €/kg",,Productos Frescos,Charcutería,"Foie, Patés y Sobrasadas",https://static.carrefour.es/hd_510x_/img_pim_food/710562_00_1.jpg
https://www.carrefour.es/supermercado/vino-tinto-reserva-tempranillo-ederra-doca-rioja-75-cl/R-855600390/p,Ederra Reserva 2018,"13,00 €",,"13,00 €/ud",,Bebidas,Vinos,Tinto,https://static.carrefour.es/hd_510x_/img_pim_food/087693_00_1.jpg
https://www.carrefour.es/supermercado/flan-de-huevo-al-bano-maria-dhul-sin-gluten-pack-de-4-unidades-de-110-g/R-521029831/p,Flan de huevo al baño María Dhul sin gluten pack de 4 unidades de 110 g.,"2,65 €",,"6,02 €/kg",,La Despensa,Yogures y Postres,Flanes,https://static.carrefour.es/hd_510x_/img_pim_food/002979_00_1.jpg
https://www.carrefour.es/supermercado/caldo-de-pollo-y-jamon-extra-carrefour-sin-gluten-brick-1-l/R-VC4AECOMM-462300/p,Caldo de pollo y jamón Extra Carrefour sin gluten brick 1 l.,"1,82 €",,"1,82 €/l",,La Despensa,"Conservas, Sopas y Precocinados","Caldos, Sopas y Pure",https://static.carrefour.es/hd_510x_/img_pim_food/462300_00_1.jpg
https://www.carrefour.es/supermercado/fusilli-lunghi-bucati-terre-ditalia-500-g/R-prod720341/p,Fusilli lunghi bucati Terre d'Italia 500 g.,"2,59 €",,"5,18 €/kg",,La Despensa,Alimentación,Pastas,https://static.carrefour.es/hd_510x_/img_pim_food/852593_00_1.jpg
https://www.carrefour.es/supermercado/salchichas-big-queso-el-pozo-sin-gluten-pack-de-3-unidades-de-200-g/R-711410916/p,Salchichas BIG queso El Pozo sin gluten pack de 3 unidades de 200 g.,"2,50 €",,"4,17 €/kg",,Productos Frescos,Charcutería,Salchichas,https://static.carrefour.es/hd_510x_/img_pim_food/426766_00_1.jpg
https://www.carrefour.es/supermercado/balsamo-labial-fresa-barbie-1-ud/R-VC4AECOMM-470982/p,Bálsamo labial fresa Barbie 1 ud.,"2,15 €",,"2,15 €/ud",,Perfumería e Higiene,Boca y Sonrisa,Protector labial,https://static.carrefour.es/hd_510x_/img_pim_food/470982_00_1.jpg
https://www.carrefour.es/supermercado/keratina-liquida-con-aceite-de-argan-para-cabello-castigado-les-cosmetiques-200-ml/R-prod460357/p,Keratina líquida con aceite de argán para cabello castigado Les Cosmétiques 200 ml.,"2,99 €",,"1,49 €/100ml",,Perfumería e Higiene,Cabello,Cuidado y Tratamientos del cabello,https://static.carrefour.es/hd_510x_/img_pim_food/826843_00_1.jpg
https://www.carrefour.es/supermercado/chocolate-con-leche-con-avellanas-caramelizadas-ecologico-carrefour-bio-100-g/R-825914898/p,Chocolate con leche con avellanas caramelizadas ecológico Carrefour Bio 100 g.,"2,35 €",,"23,50 €/kg",,La Despensa,Dulce,Bombones y Chocolates,https://static.carrefour.es/hd_510x_/img_pim_food/960207_00_1.jpg
https://www.carrefour.es/supermercado/pizza-con-jamon-cocido-y-champinones-bella-napoli-buitoni-430-g/R-prod1170024/p,Pizza con jamón cocido y champiñones Bella Napoli Buitoni 430 g.,"6,55 €",,"15,23 €/kg",,Congelados,Pizzas Congeladas,,https://static.carrefour.es/hd_510x_/img_pim_food/214244_00_1.jpg
https://www.carrefour.es/supermercado/champu-anticaspa-citrus-fresh-hs-300-ml/R-VC4AECOMM-336864/p,Champú anticaspa citrus fresh H&S 300 ml.,"5,45 €",,"1,65 €/100ml",,Perfumería e Higiene,Cabello,Champús,https://static.carrefour.es/hd_510x_/img_pim_food/336864_00_1.jpg
https://www.carrefour.es/supermercado/espuma-de-afeitar-con-sales-minerales-y-pro-vitamina-b5-classic-la-toja-300-ml/R-795705208/p,Espuma de afeitar con sales minerales y Pro-Vitamina B5 Classic La Toja 300 ml.,"3,19 €",,"1,06 €/100ml",,Perfumería e Higiene,Depilación y Afeitado,Afeitado,https://static.carrefour.es/hd_510x_/img_pim_food/896605_00_1.jpg
https://www.carrefour.es/supermercado/maquinilla-turbo-6-carrefour-men-1-ud/R-VC4AECOMM-120062/p,Maquinilla Turbo 6 Carrefour Men 1 ud.,"4,45 €",,"4,45 €/ud",,Perfumería e Higiene,Depilación y Afeitado,Maquinillas y Recambios,https://static.carrefour.es/hd_510x_/img_pim_food/120062_00_1.jpg
https://www.carrefour.es/supermercado/pizza-usa-bbq-carrefour-480-g/R-VC4AECOMM-185039/p,Pizza USA bbq Carrefour 480 g,"4,95 €",,"10,31 €/kg",,Productos Frescos,Platos Preparados Cocinados,Pastas y Pizzas,https://static.carrefour.es/hd_510x_/img_pim_food/185039_00_1.jpg
https://www.carrefour.es/supermercado/cerveza-tostada-cruzcampo-00-alcohol-gran-reserva-lata-33-cl/R-VC4AECOMM-082288/p,Cerveza tostada Cruzcampo 0.0 alcohol gran reserva lata 33 cl.,"0,90 €",,"2,73 €/l",,Bebidas,Cerveza,Sin Alcohol,https://static.carrefour.es/hd_510x_/img_pim_food/082288_00_1.jpg
https://www.carrefour.es/supermercado/vino-rosado-joven-puerta-de-alcala-do-madrid-75-cl/R-589701674/p,Puerta De Alcala 2022,"3,29 €",,"3,29 €/ud",,Bebidas,Vinos,Rosado,https://static.carrefour.es/hd_510x_/img_pim_food/029266_00_1.jpg
https://www.carrefour.es/supermercado/harina-especial-para-rebozar-sin-huevo-original-carrefour-1-kg/R-prod221422/p,Harina especial para rebozar sin huevo Original Carrefour 1 kg.,"1,78 €",,"1,78 €/kg",,La Despensa,Alimentación,Harinas y Levaduras,https://static.carrefour.es/hd_510x_/img_pim_food/034617_00_1.jpg
https://www.carrefour.es/supermercado/longaniza-roja-carrefour-500-g-aprox/R-VC4AECOMM-058980/p,Longaniza Roja Carrefour 500 g aprox,"3,27 €",,"6,55 €/kg",,Productos Frescos,Carnicería,Embutidos Frescos,https://static.carrefour.es/hd_510x_/img_pim_food/058980_00_1.jpg
https://www.carrefour.es/supermercado/chocolate-con-almendras-intenso-extrafino-nestle-sin-gluten-123-g/R-prod1110090/p,Chocolate con almendras intenso extrafino Nestlé sin gluten 123 g.,"2,45 €",,"19,92 €/kg",,La Despensa,Dulce,Bombones y Chocolates,https://static.carrefour.es/hd_510x_/img_pim_food/150862_00_1.jpg
https://www.carrefour.es/supermercado/set-de-servilletas-2-capas-de-celulosa-renova-cocktail-90pz-blancas/R-817868739/p,Set de Servilletas 2 capas de Celulosa RENOVA Cocktail 90pz - Blancas,"2,75 €",,"0,03 €/ud",,Limpieza y Hogar,Papel y Celulosa,Servilletas,https://static.carrefour.es/hd_510x_/img_pim_food/093884_00_1.jpg
https://www.carrefour.es/supermercado/sopa-de-quinoa-deshidratada-trevijano-200-g/R-837010504/p,Sopa de quinoa deshidratada Trevijano 200 g,"3,52 €",,"17,60 €/kg",,Productos Frescos,Verduras y hortalizas,Ensaladas y Verduras Preparadas,https://static.carrefour.es/hd_510x_/img_pim_food/974446_00_1.jpg
https://www.carrefour.es/supermercado/agua-de-colonia-soul-of-cities-women-03-paris-les-cosmetiques-100-ml/R-VC4AECOMM-305953/p,Agua de colonia Soul Of Cities Women 03. París Les Cosmétiques 100 ml.,"8,39 €",,"8,39 €/100ml",,Perfumería e Higiene,Baño e Higiene Corporal,Colonias,https://static.carrefour.es/hd_510x_/img_pim_food/305953_00_1.jpg
https://www.carrefour.es/supermercado/desodorante-roll-on-cool-kick-nivea-50-ml/R-520664736/p,Desodorante roll-on Cool Kick Nivea 50 ml.,"2,15 €",,"4,30 €/100ml",,Perfumería e Higiene,Baño e Higiene Corporal,Desodorantes,https://static.carrefour.es/hd_510x_/img_pim_food/540341_00_1.jpg
https://www.carrefour.es/supermercado/crema-de-cacahuete-suave-alta-en-fibra-y-proteina-prozis-500-g/R-prod670303/p,Crema de cacahuete suave alta en fibra y proteína Prozis 500 g.,"4,99 €",,"9,98 €/kg",,La Despensa,Alimentación,Nutrición deportiva,https://static.carrefour.es/hd_510x_/img_pim_food/845843_00_1.jpg
https://www.carrefour.es/supermercado/filetes-1a-cadera-o-babilla-de-anojo-calidad-y-origen-carrefour-500-g-aprox/R-prod840087/p,Filetes 1ªA Cadera o Babilla de Añojo Calidad y Origen Carrefour 500 g aprox,"8,44 €",,,,Productos Frescos,Carnicería,Vacuno,https://static.carrefour.es/hd_510x_/img_pim_food/842678_00_1.jpg
https://www.carrefour.es/supermercado/tinte-93-rubio-muy-claro-dorado-garnier-olia-1-ud/R-684403590/p,Tinte 9.3 Rubio muy Claro Dorado Garnier Olia 1 ud.,"8,35 €",,"8,35 €/ud",,Perfumería e Higiene,Cabello,Tinte,https://static.carrefour.es/hd_510x_/img_pim_food/073478_00_1.jpg
https://www.carrefour.es/supermercado/biberon-con-tetina-silicona-fisiologica-sx-pro-flujo-medio-3-meses-suavinex-270-ml/R-VC4AECOMM-649281/p,Biberón con tetina silicona fisiológica SX Pro flujo medio +3 meses Suavinex 270 ml.,"11,19 €",,"11,19 €/ud",,Parafarmacia,Bebé,Puericultura,https://static.carrefour.es/hd_510x_/img_pim_food/649281_00_1.jpg
https://www.carrefour.es/supermercado/galletas-maria-mini-carrefour-classic-350-g/R-809534262/p,Galletas María mini Carrefour Classic 350 g.,"1,46 €",,"4,17 €/kg",,La Despensa,Desayuno,Galletas,https://static.carrefour.es/hd_510x_/img_pim_food/935727_00_1.jpg
https://www.carrefour.es/supermercado/tortitas-de-arroz-carrefour-pack-de-4-unidades-de-33-g/R-prod1000735/p,Tortitas de arroz Carrefour pack de 4 unidades de 33 g.,"1,17 €",,"8,86 €/kg",,La Despensa,Aperitivos,Tortitas,https://static.carrefour.es/hd_510x_/img_pim_food/086071_00_1.jpg
https://www.carrefour.es/supermercado/leche-infantil-de-crecimiento-desde-los-12-meses-en-polvo-nestle-nan-optipro-3-1200-g/R-VC4AECOMM-708323/p,Leche infantil de crecimiento desde los 12 meses en polvo Nestlé Nan Optipro 3 1200 g.,"27,60 €",,"23,00 €/kg",,Parafarmacia,Bebé,Leche infantil,https://static.carrefour.es/hd_510x_/img_pim_food/708323_00_1.jpg
https://www.carrefour.es/supermercado/leche-de-formula-anti-regurgitacion-a-partir-del-primer-dia-en-polvo-almiron-advance-ar-1-lata-800-g/R-713315946/p,Leche de fórmula anti-regurgitación a partir del primer día en polvo Almirón Advance AR 1 lata 800 g.,"30,40 €",,"38,00 €/kg",,Parafarmacia,Bebé,Leche infantil,https://static.carrefour.es/hd_510x_/img_pim_food/440560_00_1.jpg
https://www.carrefour.es/supermercado/pizza-de-bbq-pulled-pork-casa-di-mama-dr-oetker-405-g/R-VC4AECOMM-129171/p,Pizza de bbq pulled pork Casa di Mama Dr. Oetker 405 g.,"4,99 €",,"12,32 €/kg",,La Despensa,"Conservas, Sopas y Precocinados",Pizzas,https://static.carrefour.es/hd_510x_/img_pim_food/129171_00_1.jpg
https://www.carrefour.es/supermercado/crema-facial-hidratante-99-natural-pieles-sensibles-carrefour-soft-50-ml/R-VC4AECOMM-136926/p,Crema facial hidratante 99% natural pieles sensibles Carrefour Soft 50 ml.,"3,39 €",,"6,78 €/100ml",,Perfumería e Higiene,Cuidado y Protección Corporal,Piel,https://static.carrefour.es/hd_510x_/img_pim_food/136926_00_1.jpg
https://www.carrefour.es/supermercado/caldo-de-pollo-knorr-sin-gluten-y-sin-lactosa-24-pastillas/R-VC4AECOMM-099999/p,Caldo de pollo Knorr sin gluten y sin lactosa 24 pastillas,"2,95 €",,"12,29 €/kg",,La Despensa,"Conservas, Sopas y Precocinados","Caldos, Sopas y Pure",https://static.carrefour.es/hd_510x_/img_pim_food/099999_00_1.jpg
https://www.carrefour.es/supermercado/vino-rosado-joven-penascal-75-cl/R-520662152/p,Peñascal Espumoso Rosado Joven,"3,85 €",,"3,85 €/ud",,,,,https://static.carrefour.es/hd_510x_/img_pim_food/000234_00_1.jpg
https://www.carrefour.es/supermercado/insecticida-exteriores-para-moscas-y-mosquitos-aerosol-carrefour-500-ml/R-757004046/p,Insecticida exteriores para moscas y mosquitos aerosol Carrefour 500 ml.,"3,95 €",,"7,90 €/l",,Limpieza y Hogar,Productos para toda la casa,Insecticidas,https://static.carrefour.es/hd_510x_/img_pim_food/766135_00_1.jpg
https://www.carrefour.es/supermercado/vino-rosado-penascal-lata-25-cl/R-VC4AECOMM-059049/p,Vino rosado Peñascal lata 25 cl.,"2,15 €",,"2,15 €/ud",,Bebidas,Vinos,Rosado,https://static.carrefour.es/hd_510x_/img_pim_food/059049_00_1.jpg
https://www.carrefour.es/supermercado/infusion-de-arandanos-con-hibisco-rosa-mosqueta-y-zarzamora-en-bolsitas-hornimans-20-ud/R-fprod1410157/p,"Infusión de arándanos con hibisco, rosa mosqueta y zarzamora en bolsitas Hornimans 20 ud.","2,89 €",,"80,28 €/kg",,,,,https://static.carrefour.es/hd_510x_/img_pim_food/364091_00_1.jpg
https://www.carrefour.es/supermercado/whisky-jameson-irlandes-1-l/R-590213125/p,Jameson Whisky,"30,70 €",,"30,70 €/l",,,,,https://static.carrefour.es/hd_510x_/img_pim_food/521135_00_1.jpg
https://www.carrefour.es/supermercado/queso-lonchas-garcia-baquero-sin-lactosa-150-g/R-597201603/p,Queso lonchas García Baquero sin lactosa 150 g.,"3,32 €",,"22,13 €/kg",,Productos Frescos,Quesos,Tierno,https://static.carrefour.es/hd_510x_/img_pim_food/358352_00_1.jpg
https://www.carrefour.es/supermercado/mostaza-heinz-envase-220-ml/R-792587788/p,Mostaza Heinz envase 220 ml.,"2,35 €",,"9,79 €/l",,La Despensa,Alimentación,Salsas y Tomate Frito,https://static.carrefour.es/hd_510x_/img_pim_food/890418_00_1.jpg
https://www.carrefour.es/supermercado/galletas-rellenas-de-crema-de-chocolate-principe-pack-de-3-unidades-de-300-g/R-755505044/p,Galletas Rellenas de Crema de Chocolate Príncipe pack de 3 unidades de 300 g.,"5,35 €",,"5,94 €/kg",,La Despensa,Desayuno,Galletas,https://static.carrefour.es/hd_510x_/img_pim_food/764567_00_1.jpg
https://www.carrefour.es/supermercado/crema-catalana-original-carrefour-pack-de-2-unidades-de-100-g/R-prod760523/p,Crema catalana Original Carrefour pack de 2 unidades de 100 g.,"2,19 €",,"10,95 €/kg",,La Despensa,Yogures y Postres,Otros Postres,https://static.carrefour.es/hd_510x_/img_pim_food/862319_00_1.jpg
https://www.carrefour.es/supermercado/ampollas-anticaida-pilexil-15-ud/R-590508012/p,Ampollas anticaída Pilexil 15 ud.,"40,10 €",,"2,67 €/ud",,Parafarmacia,Cabello,Champús Anticaída,https://static.carrefour.es/hd_510x_/img_pim_food/548577_00_1.jpg
https://www.carrefour.es/supermercado/chinchon-de-nuestra-tierra-dulce-1-l/R-546004019/p,Chinchón De Nuestra Tierra dulce 1 l.,"12,49 €",,"12,49 €/l",,,,,https://static.carrefour.es/hd_510x_/img_pim_food/409257_00_1.jpg
https://www.carrefour.es/supermercado/tampones-super-plus-compak-pearl-tampax-16-ud/R-VC4AECOMM-446098/p,Tampones super plus Compak Pearl Tampax 16 ud.,"3,89 €",,"0,24 €/ud",,Perfumería e Higiene,Higiene íntima,Tampones,https://static.carrefour.es/hd_510x_/img_pim_food/446098_00_1.jpg
https://www.carrefour.es/supermercado/sal-marina-en-escamas-maldon-250-g/R-521005128/p,Sal marina en escamas Maldon 250 g.,"6,75 €",,"27,00 €/kg",,La Despensa,Alimentación,Sales y Bicarbonatos,https://static.carrefour.es/hd_510x_/img_pim_food/528989_00_1.jpg
https://www.carrefour.es/supermercado/chorizo-picante-revilla-sin-gluten-250-g/R-VC4AECOMM-698816/p,Chorizo picante Revilla sin gluten 250 g.,"5,49 €",,"21,96 €/kg",,Productos Frescos,Charcutería,"Chorizo, Lomo y Otros",https://static.carrefour.es/hd_510x_/img_pim_food/698816_00_1.jpg
https://www.carrefour.es/supermercado/delicias-de-hojaldre-carrefour-410-g/R-686701696/p,Delicias de hojaldre Carrefour 410 g.,"2,19 €",,"5,34 €/kg",,La Despensa,"Panaderia, Bollería y Pastelería",Bollería,https://static.carrefour.es/hd_510x_/img_pim_food/078085_00_1.jpg
https://www.carrefour.es/supermercado/spirulina-vitamina-b12-en-comprimidos-phytofarma-300-ud/R-prod490005/p,Spirulina + Vitamina B12 en comprimidos Phytofarma 300 ud.,"11,75 €",,"7,83 €/100g",,Parafarmacia,Nutrición y Dietética,Complementos Vitamínicos,https://static.carrefour.es/hd_510x_/img_pim_food/829699_00_1.jpg
https://www.carrefour.es/supermercado/gel-energetico-cafeina-sabor-cola-victory-endurance-pack-de-3-bolsitas-de-40-g/R-prod410016/p,Gel energético + cafeína sabor cola Victory Endurance pack de 3 bolsitas de 40 g.,"3,99 €",,"33,25 €/kg",,La Despensa,Alimentación,Nutrición deportiva,https://static.carrefour.es/hd_510x_/img_pim_food/210741_00_1.jpg
https://www.carrefour.es/supermercado/aceitunas-rellenas-de-pimientos-carrefour-sin-gluten-y-sin-lactosa-150-g/R-VC4AECOMM-481921/p,Aceitunas rellenas de pimientos Carrefour sin gluten y sin lactosa 150 g.,"1,88 €",,"12,53 €/kg",,La Despensa,Aperitivos,Aceitunas y Encurtidos,https://static.carrefour.es/hd_510x_/img_pim_food/481921_00_1.jpg
https://www.carrefour.es/supermercado/limpiador-de-placas-de-induccion-kh-7-780-ml/R-VC4AECOMM-340089/p,Limpiador de placas de Inducción KH-7 780 ml,"5,19 €",,"6,65 €/l",,Limpieza y Hogar,Productos para Cocina,Vitrocerámicas e Inducción,https://static.carrefour.es/hd_510x_/img_pim_food/340089_00_1.jpg
https://www.carrefour.es/supermercado/caldo-de-pollo-avecrem-gallina-blanca-sin-gluten-48-pastillas/R-521029237/p,Caldo de pollo Avecrem Gallina Blanca sin gluten 48 pastillas,"5,39 €",,"11,23 €/kg",,La Despensa,"Conservas, Sopas y Precocinados","Caldos, Sopas y Pure",https://static.carrefour.es/hd_510x_/img_pim_food/626654_00_1.jpg
https://www.carrefour.es/supermercado/queso-de-vaca-tierno-cortaditas-queso-real-225-g/R-prod380349/p,Queso de vaca tierno cortaditas Queso Real 225 g,"2,03 €",,"9,02 €/kg",,Productos Frescos,Quesos,Todos los Quesos,https://static.carrefour.es/hd_510x_/img_pim_food/430682_00_1.jpg
https://www.carrefour.es/supermercado/agua-mineral-lanjaron-natural-33-cl/R-prod130333/p,Agua mineral Lanjarón natural 33 cl.,"0,61 €",,"1,85 €/l
- 3,66 €/6 uds.",,Bebidas,Aguas y Zumos,"Agua hasta 0,75 litros",https://static.carrefour.es/hd_510x_/img_pim_food/230168_00_1.jpg
https://www.carrefour.es/supermercado/bebida-de-soja-sabor-fresa-y-cereza-alpro-sin-gluten-y-sin-lactosa-750-ml/R-VC4AECOMM-384386/p,Bebida de soja sabor fresa y cereza Alpro sin gluten y sin lactosa 750 ml.,"3,25 €",,"4,33 €/l",,La Despensa,Lácteos,Bebida Vegetal,https://static.carrefour.es/hd_510x_/img_pim_food/384386_00_1.jpg
https://www.carrefour.es/supermercado/gel-de-ducha-frutal-carrefour-750-ml/R-prod1070636/p,Gel de ducha frutal Carrefour 750 ml.,"1,39 €",,"0,19 €/100ml",,Perfumería e Higiene,Baño e Higiene Corporal,Geles de Baño,https://static.carrefour.es/hd_510x_/img_pim_food/141010_00_1.jpg
https://www.carrefour.es/supermercado/cafe-molido-natural-la-estrella-250-g/R-521013012/p,Café molido natural La Estrella 250 g.,"2,75 €",,"11,00 €/kg",,La Despensa,Desayuno,Cafés,https://static.carrefour.es/hd_510x_/img_pim_food/032802_00_1.jpg
https://www.carrefour.es/supermercado/apositos-repara-ampollas-salvelox-5-ud/R-VC4AECOMM-240370/p,Apósitos repara ampollas Salvelox 5 ud.,"7,69 €",,"1,54 €/ud",,Parafarmacia,Botiquín,Apósitos y Gasas,https://static.carrefour.es/hd_510x_/img_pim_food/240370_00_1.jpg
https://www.carrefour.es/supermercado/mascarilla-facial-en-crema-con-arcilla-blanca-soft-carrefour-2-ud/R-VC4AECOMM-465708/p,Mascarilla facial en crema con arcilla blanca Soft Carrefour 2 ud.,"1,14 €",,"0,57 €/ud",,Perfumería e Higiene,Cuidado y Protección Corporal,Piel,https://static.carrefour.es/hd_510x_/img_pim_food/465708_00_1.jpg
https://www.carrefour.es/supermercado/estuche-de-3-botellas-de-vino-tinto-vendimia-seleccionada-federico-paternina-banda-azul-doca-rioja-75-cl/R-VC4AECOMM-808846/p,Federico Paternina Banda Azul 2021,"13,89 €",,"13,89 €/ud",,Bebidas,Vinos,Estuches de vino,https://static.carrefour.es/hd_510x_/img_pim_food/808846_00_1.jpg
https://www.carrefour.es/supermercado/infusion-de-jengibre-y-mango-en-bolsitas-pompadour-20-ud/R-prod1000752/p,Infusión de jengibre y mango en bolsitas Pompadour 20 ud.,"3,09 €",,"68,67 €/kg",,La Despensa,Desayuno,Infusiones y Tés,https://static.carrefour.es/hd_510x_/img_pim_food/085480_00_1.jpg
https://www.carrefour.es/supermercado/panceta-curada-adobada-en-taco-el-chico-sin-gluten-sin-lactosa-300-g/R-VC4AECOMM-709338/p,Panceta curada adobada en taco El Chico sin gluten sin lactosa 300 g.,"5,55 €",,"18,50 €/kg",,Productos Frescos,Charcutería,Bacon y Panceta,https://static.carrefour.es/hd_510x_/img_pim_food/709338_00_1.jpg
https://www.carrefour.es/supermercado/te-rojo-extra-puro-en-bolsitas-hornimans-20-ud/R-prod180263/p,Té rojo extra puro en bolsitas Hornimans 20 ud.,"2,89 €",,"72,25 €/kg",,La Despensa,Desayuno,Infusiones y Tés,https://static.carrefour.es/hd_510x_/img_pim_food/087764_00_1.jpg
https://www.carrefour.es/supermercado/cava-bach-extrisimo-brut-nature-75-cl/R-520662165/p,Bach Extrísimo Brut Nature,"5,55 €",,"5,55 €/ud",,,,,https://static.carrefour.es/hd_510x_/img_pim_food/026550_00_1.jpg
https://www.carrefour.es/supermercado/recambios-cepillo-bateria-universal-sensitive-carrefour-soft-2-ud/R-VC4AECOMM-482036/p,Recambios cepillo batería universal Sensitive Carrefour Soft 2 ud.,"6,45 €",,"3,22 €/ud",,Perfumería e Higiene,Boca y Sonrisa,"Cepillos, Recambios y Accesorios",https://static.carrefour.es/hd_510x_/img_pim_food/482036_00_1.jpg
https://www.carrefour.es/supermercado/bandas-de-cera-depilatorias-corporales-ecologicas-taky-20-ud/R-fprod1280152/p,Bandas de cera depilatorias corporales ecológicas Taky 20 ud.,"3,19 €",,"0,16 €/ud",,Perfumería e Higiene,Depilación y Afeitado,Depilación,https://static.carrefour.es/hd_510x_/img_pim_food/328830_00_1.jpg
https://www.carrefour.es/supermercado/nachos-vegetales-de-remolacha-sensation-carrefour-sin-gluten-130-g/R-VC4AECOMM-373566/p,Nachos vegetales de remolacha Sensation Carrefour sin gluten 130 g.,"1,47 €",,"11,31 €/kg",,La Despensa,Aperitivos,Snacks,https://static.carrefour.es/hd_510x_/img_pim_food/373566_00_1.jpg
https://www.carrefour.es/supermercado/proteina-vegana-de-vainilla-weider-sin-gluten-300-g/R-prod540218/p,Proteína vegana de vainilla Weider sin gluten 300 g.,"16,39 €",,"54,63 €/kg",,La Despensa,Alimentación,Nutrición deportiva,https://static.carrefour.es/hd_510x_/img_pim_food/835056_00_1.jpg
https://www.carrefour.es/supermercado/filetes-de-caballa-del-sur-en-aceite-de-oliva-bajo-en-sal-classic-carrefour-pack-de-2-latas-de-65-g/R-VC4AECOMM-488901/p,Filetes de caballa del sur en aceite de oliva bajo en sal Classic Carrefour pack de 2 latas de 65 g.,"2,49 €",,"19,15 €/kg",,La Despensa,"Conservas, Sopas y Precocinados",Conservas de Pescado y Marisco,https://static.carrefour.es/hd_510x_/img_pim_food/488901_00_1.jpg
https://www.carrefour.es/supermercado/preparado-lacteo-buenas-noches-puleva-sin-lactosa-brik-1-l/R-VC4AECOMM-193540/p,Preparado lácteo Buenas Noches Puleva sin lactosa brik 1 l.,"1,52 €",,"1,52 €/l",,La Despensa,Lácteos,Leche,https://static.carrefour.es/hd_510x_/img_pim_food/193540_00_1.jpg
https://www.carrefour.es/supermercado/regaliz-de-goma-sabor-fresa-rellenos-con-zumo-de-fruta-fini-125-g/R-prod211445/p,Regaliz de goma sabor fresa rellenos con zumo de fruta Fini 125 g.,"1,14 €",,"9,12 €/kg",,La Despensa,Dulce,Dulces y Golosinas,https://static.carrefour.es/hd_510x_/img_pim_food/122897_00_1.jpg
https://www.carrefour.es/supermercado/horchata-de-chufa-sin-azucar-anadido-chufi-zero-sin-gluten-sin-lactosa-botella-1-l/R-521007117/p,Horchata de chufa sin azúcar añadido Chufi Zero sin gluten sin lactosa botella 1 l.,"1,99 €",,"1,99 €/l",,La Despensa,Lácteos,Batidos y Horchatas,https://static.carrefour.es/hd_510x_/img_pim_food/589787_00_1.jpg
https://www.carrefour.es/supermercado/surtido-de-bombones-dulces-deseos-lindor-lindt-337-g/R-prod211180/p,Surtido de bombones Dulces Deseos Lindor Lindt 337 g.,"13,89 €",,"41,22 €/kg",,La Despensa,Dulce,Bombones y Chocolates,https://static.carrefour.es/hd_510x_/img_pim_food/045328_00_1.jpg
https://www.carrefour.es/supermercado/maquinillas-desechable-para-hombre-blue-ii-gillette-15-ud/R-521000894/p,Maquinillas desechable para hombre Blue II Gillette 15 ud.,"7,79 €",,"0,52 €/ud",,Perfumería e Higiene,Depilación y Afeitado,Maquinillas y Recambios,https://static.carrefour.es/hd_510x_/img_pim_food/037307_00_1.jpg
https://www.carrefour.es/supermercado/limpiahogar-con-aloe-vera-brillo-carrefour-15-l/R-prod1023315/p,"Limpiahogar con aloe vera Brillo Carrefour 1,5 l.","2,15 €",,"1,43 €/l",,Limpieza y Hogar,Productos para toda la casa,Suelos,https://static.carrefour.es/hd_510x_/img_pim_food/108606_00_1.jpg
https://www.carrefour.es/supermercado/cafe-descafeinado-en-capsulas-simpl-compatibles-con-nespresso-10-ud/R-VC4AECOMM-457369/p,Café descafeinado en cápsulas Simpl compatibles con Nespresso 10 ud.,"1,69 €",,"33,80 €/kg",,La Despensa,Desayuno,Cafés,https://static.carrefour.es/hd_510x_/img_pim_food/457369_00_1.jpg
https://www.carrefour.es/supermercado/queso-curado-en-lonchas-gran-capitan-140-g/R-788191920/p,Queso curado en lonchas Gran Capitán 140 g.,"4,03 €",,"28,79 €/kg",,Productos Frescos,Quesos,Curado,https://static.carrefour.es/hd_510x_/img_pim_food/882514_00_1.jpg
https://www.carrefour.es/supermercado/seitan-ecologico-carrefour-bio-250-g/R-VC4AECOMM-430855/p,Seitán ecológico Carrefour Bio 250 g.,"3,55 €",,"14,20 €/kg",,La Despensa,"Conservas, Sopas y Precocinados",Platos Preparados,https://static.carrefour.es/hd_510x_/img_pim_food/430855_00_1.jpg
https://www.carrefour.es/supermercado/bollito-con-pepitas-de-chocolate-abuelo-bread-sin-gluten-y-sin-lactosa-60-g/R-VC4AECOMM-135245/p,Bollito con pepitas de chocolate Abuelo Bread sin gluten y sin lactosa 60 g.,"1,53 €",,"25,50 €/kg",,La Despensa,"Panaderia, Bollería y Pastelería",Bollería,https://static.carrefour.es/hd_510x_/img_pim_food/135245_00_1.jpg
https://www.carrefour.es/supermercado/vino-do-valdepenas-tinto-crianza-tres-reinos-75-cl/R-fprod1260332/p,Vino D.O. Valdepeñas tinto crianza Tres Reinos 75 cl.,"2,79 €",,"2,79 €/ud",,Bebidas,Vinos,Tinto,https://static.carrefour.es/hd_510x_/img_pim_food/323000_00_1.jpg
https://www.carrefour.es/supermercado/pasa-moscatel-carrefour-tarrina-300-g/R-prod1070686/p,Pasa moscatel Carrefour tarrina 300 g,"2,23 €",,"7,43 €/kg",,La Despensa,Aperitivos,Frutas Desecadas,https://static.carrefour.es/hd_510x_/img_pim_food/142077_00_1.jpg
https://www.carrefour.es/supermercado/mascarilla-capilar-3-en-1-hair-food-banana-ultra-nutritiva-para-cabello-seco-garnier-fructis-390-ml/R-prod650231/p,Mascarilla capilar 3 en 1 Hair Food banana ultra-nutritiva para cabello seco Garnier-Fructis 390 ml.,"6,35 €",,"1,59 €/100ml",,Perfumería e Higiene,Cabello,Cuidado y Tratamientos del cabello,https://static.carrefour.es/hd_510x_/img_pim_food/844585_00_1.jpg
https://www.carrefour.es/supermercado/recambios-maquinilla-proglide-power-gillette-4-ud/R-VC4AECOMM-629236/p,Recambios maquinilla ProGlide Power Gillette 4 ud.,"23,20 €",,"5,80 €/ud",,Perfumería e Higiene,Depilación y Afeitado,Maquinillas y Recambios,https://static.carrefour.es/hd_510x_/img_pim_food/629236_00_1.jpg
https://www.carrefour.es/supermercado/dulce-de-leche-mardel-sin-gluten-450-g/R-526511011/p,Dulce de leche Márdel sin gluten 450 g.,"3,65 €",,"8,11 €/kg",,La Despensa,Dulce,"Cremas de Cacao, Avellana y Cacahuete",https://static.carrefour.es/hd_510x_/img_pim_food/385337_00_1.jpg
https://www.carrefour.es/supermercado/postre-vegano-de-limon-oddlygood-sin-gluten-130-g/R-VC4AECOMM-180758/p,Postre vegano de limón Oddlygood sin gluten 130 g.,"2,05 €",,"15,77 €/kg",,La Despensa,Yogures y Postres,Otros Postres,https://static.carrefour.es/hd_510x_/img_pim_food/180758_00_1.jpg
https://www.carrefour.es/supermercado/grageas-de-chocolate-con-leche-salted-caramel-mms-176-g/R-prod280279/p,Grageas de chocolate con leche Salted Caramel m&m's 176 g.,"3,89 €",,"22,10 €/kg",,La Despensa,Dulce,Bombones y Chocolates,https://static.carrefour.es/hd_510x_/img_pim_food/170030_00_1.jpg
https://www.carrefour.es/supermercado/yogur-liquido-de-fresa-platano-carrefour-classic-sin-gluten-15-l/R-VC4AECOMM-741162/p,"Yogur líquido de fresa-plátano Carrefour Classic' sin gluten 1,5 l.","2,05 €",,"1,37 €/l",,La Despensa,Yogures y Postres,Yogures Líquidos,https://static.carrefour.es/hd_510x_/img_pim_food/741162_00_1.jpg
https://www.carrefour.es/supermercado/queso-en-taco-mozzarella-bredam-250-g/R-VC4AECOMM-213728/p,Queso en taco mozzarella Bredam 250 g.,"2,34 €",,"9,36 €/kg",,Productos Frescos,Quesos,Todos los Quesos,https://static.carrefour.es/hd_510x_/img_pim_food/213728_00_1.jpg
https://www.carrefour.es/supermercado/recambios-blandos-para-aspirador-nasal-desechables-narhinel-confort-rhinomer-baby-10-ud/R-590504106/p,Recambios blandos para aspirador nasal desechables Narhinel Confort Rhinomer Baby 10 ud.,"6,25 €",,"0,62 €/ud",,Parafarmacia,Bebé,Accesorios Baño,https://static.carrefour.es/hd_510x_/img_pim_food/257937_00_1.jpg
https://www.carrefour.es/supermercado/champu-suave-para-pieles-atopicas-instituto-espanol-300-ml/R-830827068/p,Champú suave para pieles atópicas Instituto Español 300 ml.,"5,55 €",,"1,85 €/100ml",,Perfumería e Higiene,Cabello,Champús,https://static.carrefour.es/hd_510x_/img_pim_food/966293_00_1.jpg
https://www.carrefour.es/supermercado/coca-cola-light-sin-cafeina-lata-33-cl/R-520660533/p,Coca Cola light sin cafeína lata 33 cl.,"0,89 €",,"2,70 €/l
- 7,12 €/8 uds.",,Bebidas,Refrescos,Colas,https://static.carrefour.es/hd_510x_/img_pim_food/148011_00_1.jpg
https://www.carrefour.es/supermercado/set-3-estropajos-fibra-verde-con-esponja-multiusos-carrefour/R-609800954/p,Set 3 Estropajos Fibra Verde con Esponja Multiusos CARREFOUR,"0,90 €",,"0,30 €/ud",,Limpieza y Hogar,Utensilios de Limpieza,Estropajos,https://static.carrefour.es/hd_510x_/img_pim_food/240439_00_1.jpg
https://www.carrefour.es/supermercado/queso-de-mezcla-semicurado-gran-capitan-cuna-cortada-de-230-g-aprox/R-VC4AECOMM-712294/p,Queso de mezcla semicurado Gran Capitán cuña cortada de 230 g aprox,"6,07 €",,"26,39 €/kg",,Productos Frescos,Quesos,Semicurado,https://static.carrefour.es/hd_510x_/img_pim_food/712294_00_1.jpg
https://www.carrefour.es/supermercado/chocolate-a-la-taza-carrefour-300-g/R-prod1060139/p,Chocolate a la taza Carrefour 300 g.,"2,19 €",,"7,30 €/kg",,La Despensa,Desayuno,Cacaos y Cereales Solubles,https://static.carrefour.es/hd_510x_/img_pim_food/123626_00_1.jpg
https://www.carrefour.es/supermercado/aceitunas-verdes-rellenas-de-jamon-iberico-la-espanola-sin-gluten-85-g/R-VC4AECOMM-354557/p,Aceitunas verdes rellenas de jamón ibérico La Española sin gluten 85 g.,"2,35 €",,"27,65 €/kg",,La Despensa,Aperitivos,Aceitunas y Encurtidos,https://static.carrefour.es/hd_510x_/img_pim_food/354557_00_1.jpg
https://www.carrefour.es/supermercado/recambios-maquinilla-proglide-gillette-4-ud/R-VC4AECOMM-629233/p,Recambios maquinilla ProGlide Gillette 4 ud.,"23,50 €",,"5,87 €/ud",,Perfumería e Higiene,Depilación y Afeitado,Maquinillas y Recambios,https://static.carrefour.es/hd_510x_/img_pim_food/629233_00_1.jpg
https://www.carrefour.es/supermercado/tinto-de-verano-con-limon-sin-alcohol-la-casera-lata-33-cl/R-774909701/p,Tinto de verano con limón sin alcohol La Casera lata 33 cl.,"0,89 €",,"2,70 €/l",,Bebidas,Vinos,Sangría y Tinto de Verano,https://static.carrefour.es/hd_510x_/img_pim_food/783162_00_1.jpg
https://www.carrefour.es/supermercado/serum-antimanchas-con-vitamina-c-niacinamida-y-acido-salicilico-skin-active-garnier-30-ml/R-VC4AECOMM-721728/p,"Sérum antimanchas con vitamina C, niacinamida y ácido salicílico Skin Active Garnier 30 ml.","14,99 €",,"49,97 €/100ml",,Perfumería e Higiene,Cuidado y Protección Corporal,Piel,https://static.carrefour.es/hd_510x_/img_pim_food/721728_00_1.jpg
https://www.carrefour.es/supermercado/tortillas-de-maiz-para-tacos-mexifoods-sin-gluten-250-g/R-prod290214/p,Tortillas de maíz para tacos Mexifoods sin gluten 250 g.,"2,45 €",,"9,80 €/kg",,La Despensa,"Conservas, Sopas y Precocinados","Tortillas, Empanadillas y Sandwiches",https://static.carrefour.es/hd_510x_/img_pim_food/389326_00_1.jpg
https://www.carrefour.es/supermercado/aceite-de-oliva-virgen-extra-a-la-trufa-la-espanola-250-ml/R-828238224/p,Aceite de oliva virgen extra a la trufa La Española 250 ml.,"4,23 €",,"16,92 €/l",,La Despensa,Alimentación,Aceites y vinagres,https://static.carrefour.es/hd_510x_/img_pim_food/962539_00_1.jpg
https://www.carrefour.es/supermercado/cacahuete-crunch-tijuana-cacahuetazo-grefusa-110-g/R-VC4AECOMM-410221/p,Cacahuete crunch tijuana Cacahuetazo Grefusa 110 g,"1,99 €",,"18,09 €/kg",,La Despensa,Aperitivos,Frutos Secos,https://static.carrefour.es/hd_510x_/img_pim_food/410221_00_1.jpg
https://www.carrefour.es/supermercado/espuma-volumen-perfecto-pantene-pro-v-300-ml/R-VC4AECOMM-119094/p,Espuma volumen perfecto Pantene Pro-V 300 ml.,"5,59 €",,"1,86 €/100ml",,Perfumería e Higiene,Cabello,Fijadores,https://static.carrefour.es/hd_510x_/img_pim_food/119094_00_1.jpg
https://www.carrefour.es/supermercado/vino-rosado-joven-garnacha-dona-isabella-do-navarra-75-cl/R-VC4AECOMM-175309/p,Doña Isabella Rosado 2023,"7,05 €",,"7,05 €/ud",,Bebidas,Vinos,Rosado,https://static.carrefour.es/hd_510x_/img_pim_food/175309_00_1.jpg
https://www.carrefour.es/supermercado/sal-marina-ahumada-maldon-125-g/R-677701645/p,Sal marina ahumada Maldon 125 g.,"4,39 €",,"35,12 €/kg",,La Despensa,Alimentación,Sales y Bicarbonatos,https://static.carrefour.es/hd_510x_/img_pim_food/043786_00_1.jpg
https://www.carrefour.es/supermercado/crema-para-las-bolsas-y-ojeras-remescar-8-ml/R-prod231290/p,Crema para las bolsas y ojeras Remescar 8 ml.,"33,00 €",,"412,50 €/100ml",,Parafarmacia,Cuidado e higiene facial,Cremas faciales,https://static.carrefour.es/hd_510x_/img_pim_food/284350_00_1.jpg
https://www.carrefour.es/supermercado/tortas-de-aceite-de-nuestra-tierra-sin-lactosa-180-g/R-VC4AECOMM-346333/p,Tortas de aceite De Nuestra Tierra sin lactosa 180 g.,"2,29 €",,"12,72 €/kg",,La Despensa,"Panaderia, Bollería y Pastelería",Bollería,https://static.carrefour.es/hd_510x_/img_pim_food/346333_00_1.jpg
https://www.carrefour.es/supermercado/trina-de-manzana-sin-gas-zero-botella-15-l/R-768503590/p,"Trina de manzana sin gas zero botella 1,5 l.","1,87 €",,"1,25 €/l",,Bebidas,Refrescos,Sabores sin Gas,https://static.carrefour.es/hd_510x_/img_pim_food/776862_00_1.jpg
https://www.carrefour.es/supermercado/yogur-natural-azucarado-danone-sin-gluten-pack-de-4-unidades-de-120-g/R-521029405/p,Yogur natural azucarado Danone sin gluten pack de 4 unidades de 120 g.,"0,99 €",,"2,06 €/kg",,La Despensa,Yogures y Postres,Yogur Natural y Sabores,https://static.carrefour.es/hd_510x_/img_pim_food/002902_00_1.jpg
https://www.carrefour.es/supermercado/monster-juiced-bebida-energetica-mango-loco-pack-4-latas-50-l/R-VC4AECOMM-100229/p,Monster Juiced Bebida Energética mango loco pack 4 latas 50 l.,"6,69 €",,"3,34 €/l",,Bebidas,Refrescos,Energéticas,https://static.carrefour.es/hd_510x_/img_pim_food/100229_00_1.jpg
https://www.carrefour.es/supermercado/control-de-las-grasas-pronutri-sin-gluten-30-ud/R-VC4AECOMM-146740/p,Control de las grasas Pronutri sin gluten 30 ud.,"5,59 €",,"243,04 €/kg",,La Despensa,Alimentación,Vitaminas y Complementos,https://static.carrefour.es/hd_510x_/img_pim_food/146740_00_1.jpg
https://www.carrefour.es/supermercado/cerveza-san-miguel-especial-lager-pack-de-28-latas-de-33-cl/R-526517627/p,Cerveza San Miguel especial Lager pack de 28 latas de 33 cl.,"19,19 €",,"2,08 €/l",,Bebidas,Cerveza,Rubia,https://static.carrefour.es/hd_510x_/img_pim_food/718561_00_1.jpg
https://www.carrefour.es/supermercado/salchichas-cocidas-y-ahumadas-estilo-viena-carrefour-200-g/R-521031111/p,Salchichas cocidas y ahumadas estilo Viena Carrefour 200 g.,"0,71 €",,"3,55 €/kg",,Productos Frescos,Charcutería,Salchichas,https://static.carrefour.es/hd_510x_/img_pim_food/232365_00_1.jpg
https://www.carrefour.es/supermercado/hamburguesas-de-vacuno-ecologica-carrefour-bio-2x120-g/R-prod1070059/p,Hamburguesas de vacuno ecológica Carrefour Bio 2x120 g,"4,50 €",,"18,75 €/kg",,Productos Frescos,Carnicería,Hamburguesas,https://static.carrefour.es/hd_510x_/img_pim_food/126474_00_1.jpg
https://www.carrefour.es/supermercado/limpiador-de-bano-en-gel-frescor-marino-chubb-15-l/R-prod290669/p,"Limpiador de baño en gel frescor marino Chubb 1,5 l.","2,09 €",,"1,39 €/l",,Limpieza y Hogar,Productos para Baño,Limpiadores Baño,https://static.carrefour.es/hd_510x_/img_pim_food/345579_00_1.jpg
https://www.carrefour.es/supermercado/muslo-de-pavo-curado-en-lonchas-carrefour-sin-gluten-pack-de-2-unidades-de-50-g/R-VC4AECOMM-709735/p,Muslo de pavo curado en lonchas Carrefour sin gluten pack de 2 unidades de 50 g,"2,75 €",,"27,50 €/kg",,Productos Frescos,Charcutería,"Chorizo, Lomo y Otros",https://static.carrefour.es/hd_510x_/img_pim_food/709735_00_1.jpg
https://www.carrefour.es/supermercado/chips-de-cereales-crujientes-cubiertos-de-chocolate-nestle-extrafino-choco-chips-115-g/R-VC4AECOMM-352058/p,Chips de cereales crujientes cubiertos de chocolate Nestlé Extrafino Choco Chips 115 g.,"2,35 €",,"20,43 €/kg",,,,,https://static.carrefour.es/hd_510x_/img_pim_food/352058_00_1.jpg
https://www.carrefour.es/supermercado/crackers-original-tuc-100-g/R-521003838/p,Crackers original Tuc 100 g.,"1,23 €",,"12,30 €/kg",,La Despensa,Aperitivos,Galletas Saladas,https://static.carrefour.es/hd_510x_/img_pim_food/002723_00_1.jpg
https://www.carrefour.es/supermercado/leche-fermentada-desnatada-sabor-fresa-skyr-carrefour-sensation-150-g/R-VC4AECOMM-503693/p,Leche fermentada desnatada sabor fresa Skyr Carrefour Sensation 150 g.,"0,85 €",,"5,67 €/kg",,La Despensa,Yogures y Postres,Proteína,https://static.carrefour.es/hd_510x_/img_pim_food/503693_00_1.jpg
https://www.carrefour.es/supermercado/huevo-de-chocolate-con-sorpresa-kinder-joy-3-ud/R-521009569/p,Huevo de chocolate con sorpresa Kinder Joy 3 ud.,"3,99 €",,"63,33 €/kg",,La Despensa,Dulce,Bombones y Chocolates,https://static.carrefour.es/hd_510x_/img_pim_food/535372_00_1.jpg
https://www.carrefour.es/supermercado/2-guantes-flocados-de-latex-carrefour-m-rosa/R-818900238/p,2 Guantes flocados de Látex Carrefour M - Rosa,"1,07 €",,"1,07 €/ud",,Limpieza y Hogar,Utensilios de Limpieza,Guantes,https://static.carrefour.es/hd_510x_/img_pim_food/947063_00_1.jpg
https://www.carrefour.es/supermercado/te-matcha-ecologico-carrefour-bio-55-g/R-fprod1360098/p,Té matcha ecológico Carrefour Bio 55 g.,"3,59 €",,"65,27 €/kg",,La Despensa,Desayuno,Infusiones y Tés,https://static.carrefour.es/hd_510x_/img_pim_food/338875_00_1.jpg
https://www.carrefour.es/supermercado/lomo-de-salmon-calidad-y-origen-carrefour-400-g-aprox/R-prod261161/p,Lomo de salmón Calidad y Origen Carrefour 400 g aprox,"9,58 €",,"23,95 €/kg",,Productos Frescos,Pescadería,Pescado Fresco,https://static.carrefour.es/hd_510x_/img_pim_food/295106_00_1.jpg
https://www.carrefour.es/supermercado/pizza-vegetal-ristorante-dr-oetker-385-g/R-521036505/p,Pizza vegetal Ristorante Dr. Oetker 385 g,"3,89 €",,"10,10 €/kg",,Congelados,Pizzas Congeladas,,https://static.carrefour.es/hd_510x_/img_pim_food/053780_00_1.jpg
https://www.carrefour.es/supermercado/crema-vichyssoise-de-puerro-y-patata-knorr-brik-500-ml/R-fprod1370244/p,Crema vichyssoise de puerro y patata Knorr brik 500 ml.,"2,29 €",,"4,58 €/l",,La Despensa,"Conservas, Sopas y Precocinados","Caldos, Sopas y Pure",https://static.carrefour.es/hd_510x_/img_pim_food/350136_00_1.jpg
https://www.carrefour.es/supermercado/lavavajillas-a-maquina-en-pastillas-limpieza-y-brillo-potentes-finish-quantum-78-ud/R-VC4AECOMM-372875/p,Lavavajillas a maquina en pastillas limpieza y brillo potentes Finish Quantum 78 ud.,"23,90 €",,"0,31 €/lavado",,Limpieza y Hogar,Productos para Cocina,Lavavajillas a máquina,https://static.carrefour.es/hd_510x_/img_pim_food/372875_00_1.jpg
https://www.carrefour.es/supermercado/barquillos-al-cacao-proceli-sin-gluten-80-g/R-prod490263/p,Barquillos al cacao Proceli sin gluten 80 g.,"4,85 €",,"60,62 €/kg",,La Despensa,Desayuno,Galletas,https://static.carrefour.es/hd_510x_/img_pim_food/886219_00_1.jpg
https://www.carrefour.es/supermercado/pipetas-permetrina-para-perro-grande-15-60kg-dixie-3x2-ml/R-VC4AECOMM-914885/p,Pipetas permetrina para perro grande (15-60Kg) Dixie 3X2 ml,"13,15 €",,"13,15 €/ud",,Mascotas,Perros,Higiene,https://static.carrefour.es/hd_510x_/img_pim_food/914885_00_1.jpg
https://www.carrefour.es/supermercado/muesli-de-avena-con-chocolate-koll-250-g/R-VC4AECOMM-371450/p,Muesli de avena con chocolate Köll 250 g.,"4,45 €",,"17,80 €/kg",,La Despensa,Desayuno,Cereales,https://static.carrefour.es/hd_510x_/img_pim_food/371450_00_1.jpg
https://www.carrefour.es/supermercado/vodka-vikoroff-70-cl/R-520663007/p,Vodka Vikoroff 70 cl.,"4,69 €",,"6,70 €/l",,Bebidas,Alcoholes,Vodka,https://static.carrefour.es/hd_510x_/img_pim_food/579658_00_1.jpg
https://www.carrefour.es/supermercado/estropajo-salvaunas-de-fibras-flexibles-superficies-delicadas-carrefour-expert-3-ud-azul/R-VC4AECOMM-429247/p,Estropajo Salvauñas de Fibras Flexibles Superficies Delicadas CARREFOUR Expert 3 ud - Azul,"0,87 €",,"0,29 €/ud",,Limpieza y Hogar,Utensilios de Limpieza,Estropajos,https://static.carrefour.es/hd_510x_/img_pim_food/429247_00_1.jpg
https://www.carrefour.es/supermercado/galletas-de-barquillo-rellena-sabor-chocolate-carrefour-210-g/R-VC4AECOMM-513772/p,Galletas de barquillo rellena sabor chocolate Carrefour 210 g.,"0,99 €",,"4,71 €/kg",,La Despensa,Desayuno,Galletas,https://static.carrefour.es/hd_510x_/img_pim_food/513772_00_1.jpg
https://www.carrefour.es/supermercado/leche-condensada-nestle-la-lechera-740-g/R-521012473/p,Leche condensada Nestlé La Lechera 740 g.,"4,29 €",,"5,80 €/kg",,La Despensa,Lácteos,"Leche Condensada, Evaporada y en Polvo",https://static.carrefour.es/hd_510x_/img_pim_food/001806_00_1.jpg
https://www.carrefour.es/supermercado/cacao-instantaneo-carrefour-sin-gluten-1-kg/R-VC4AECOMM-478295/p,Cacao instantáneo Carrefour sin gluten 1 kg.,"3,79 €",,"3,79 €/kg",,La Despensa,Desayuno,Cacaos y Cereales Solubles,https://static.carrefour.es/hd_510x_/img_pim_food/478295_00_1.jpg
https://www.carrefour.es/supermercado/limpiamaquinas-finish-pack-de-2-unidades-de-250-ml/R-521010506/p,Limpiamáquinas Finish pack de 2 unidades de 250 ml.,"6,99 €",,"13,98 €/l",,Limpieza y Hogar,Productos para Cocina,Aditivos y limpiamáquinas,https://static.carrefour.es/hd_510x_/img_pim_food/668478_00_1.jpg
https://www.carrefour.es/supermercado/virutas-ibericas-50-raza-iberica-sanchez-alcaraz-sin-gluten-y-sin-lactosa-2x50-g/R-VC4AECOMM-104843/p,Virutas Ibéricas 50% Raza Ibérica Sánchez Alcaraz sin gluten y sin lactosa 2x50 g,"3,79 €",,"37,90 €/kg",,Productos Frescos,Charcutería,Jamón Serrano e Ibérico Envasado,https://static.carrefour.es/hd_510x_/img_pim_food/104843_00_1.jpg
https://www.carrefour.es/supermercado/helado-bombon-butter-cookie-milka-3-ud/R-VC4AECOMM-338315/p,Helado Bombón Butter Cookie Milka 3 ud.,"4,35 €",,"1,45 €/ud",,Congelados,Helados,Bombón Helado,https://static.carrefour.es/hd_510x_/img_pim_food/338315_00_1.jpg
https://www.carrefour.es/supermercado/hamburguesa-de-trigo-espinaca-y-emmental-carrefour-veggie-400-g/R-fprod1410097/p,"Hamburguesa de trigo, espinaca y emmental Carrefour Veggie 400 g.","4,99 €",,"12,47 €/kg",,La Despensa,"Conservas, Sopas y Precocinados",Platos Preparados,https://static.carrefour.es/hd_510x_/img_pim_food/361360_00_1.jpg
https://www.carrefour.es/supermercado/comida-humeda-mousse-surtido-para-gato-adulto-purina-gourmet-gold-12x85-g/R-720861425/p,Comida húmeda mousse surtido para gato adulto Purina Gourmet Gold 12x85 g.,"8,69 €",,"8,52 €/kg",,Mascotas,Gatos,Pienso para gatos,https://static.carrefour.es/hd_510x_/img_pim_food/395001_00_1.jpg
https://www.carrefour.es/supermercado/serum-colageno-vegano-babaria-30-ml/R-VC4AECOMM-375417/p,Serum colágeno vegano Babaria 30 ml.,"7,39 €",,"24,63 €/100ml",,Perfumería e Higiene,Cuidado y Protección Corporal,Piel,https://static.carrefour.es/hd_510x_/img_pim_food/375417_00_1.jpg
https://www.carrefour.es/supermercado/galletas-yayitas-desayuno-lu-600-g/R-VC4AECOMM-001701/p,Galletas Yayitas Desayuno Lu 600 g.,"4,69 €",,"7,82 €/kg",,La Despensa,Desayuno,Galletas,https://static.carrefour.es/hd_510x_/img_pim_food/001701_00_1.jpg
https://www.carrefour.es/supermercado/agua-fuerte-salfumant-carrefour-1-l/R-848100461/p,Agua fuerte Salfumant Carrefour 1 l.,"1,10 €",,"1,10 €/l",,Limpieza y Hogar,Productos para toda la casa,Lejías y Amoniacos,https://static.carrefour.es/hd_510x_/img_pim_food/047585_00_1.jpg
https://www.carrefour.es/supermercado/judias-verdes-al-natural-extra-ecologicas-pedro-luis-360-g/R-595501661/p,Judias verdes al natural extra ecológicas Pedro Luis 360 g.,"3,45 €",,"9,58 €/kg",,La Despensa,"Conservas, Sopas y Precocinados",Conservas de Vegetales,https://static.carrefour.es/hd_510x_/img_pim_food/185103_00_1.jpg
https://www.carrefour.es/supermercado/maquinillas-desechables-para-hombre-2-hojas-technic2-carrefour-men-10-ud/R-VC4AECOMM-484679/p,Maquinillas desechables para hombre 2 hojas Technic2 Carrefour Men 10 ud.,"1,85 €",,"0,18 €/ud",,Perfumería e Higiene,Depilación y Afeitado,Maquinillas y Recambios,https://static.carrefour.es/hd_510x_/img_pim_food/484679_00_1.jpg
https://www.carrefour.es/supermercado/patata-roja-carrefour-2-kg/R-527063218/p,Patata roja Carrefour 2 Kg,"3,89 €",,"1,94 €/kg",,Productos Frescos,Verduras y hortalizas,"Patatas, Cebollas y Ajos",https://static.carrefour.es/hd_510x_/img_pim_food/793633_00_1.jpg
https://www.carrefour.es/supermercado/leche-desmaquillante-carrefour-soft-400-ml/R-VC4AECOMM-064342/p,Leche desmaquillante Carrefour Soft 400 ml.,"3,39 €",,"0,85 €/100ml",,Perfumería e Higiene,Cuidado y Protección Corporal,Limpieza Facial,https://static.carrefour.es/hd_510x_/img_pim_food/064342_00_1.jpg
https://www.carrefour.es/supermercado/preservativos-nature-xl-xtra-large-control-12-ud/R-529039574/p,Preservativos nature XL xtra large Control 12 ud.,"7,69 €",,"0,64 €/ud",,Perfumería e Higiene,Bienestar Sexual,Preservativos,https://static.carrefour.es/hd_510x_/img_pim_food/156065_00_1.jpg
https://www.carrefour.es/supermercado/cocktail-de-frutos-secos-salado-sensation-carrefour-180-g/R-681905867/p,Cocktail de frutos secos salado Sensation Carrefour 180 g.,"2,35 €",,"13,06 €/kg",,La Despensa,Aperitivos,Frutos Secos,https://static.carrefour.es/hd_510x_/img_pim_food/068187_00_1.jpg
https://www.carrefour.es/supermercado/sobrasada-dulce-pena-cruz-sin-gluten-200-g/R-VC4AECOMM-432806/p,Sobrasada Dulce Peña Cruz sin gluten 200 g,"1,99 €",,"9,95 €/kg",,Productos Frescos,Charcutería,"Foie, Patés y Sobrasadas",https://static.carrefour.es/hd_510x_/img_pim_food/432806_00_1.jpg
https://www.carrefour.es/supermercado/almejas-del-pacifico-cruda-congelado-carrefour-600-g/R-VC4AECOMM-555461/p,Almejas del pacifico cruda congelado Carrefour 600 g.,"2,25 €",,"3,75 €/kg",,Congelados,Pescados Congelados,,https://static.carrefour.es/hd_510x_/img_pim_food/555461_00_1.jpg
https://www.carrefour.es/supermercado/queso-cheddar-blanco-wyke-9-meses-curacion-iberconseil-200-g/R-VC4AECOMM-684298/p,Queso Cheddar blanco Wyke 9 meses curación Iberconseil 200 g,"6,52 €",,"32,60 €/kg",,Productos Frescos,Quesos,Todos los Quesos,https://static.carrefour.es/hd_510x_/img_pim_food/684298_00_1.jpg
https://www.carrefour.es/supermercado/empanada-familiar-de-atun-carrefour-1-kg-aprox/R-837010516/p,Empanada familiar de atún Carrefour 1 kg aprox,"7,40 €",,"7,40 €/ud",,Productos Frescos,Panadería Tradicional,Empanadas y hojaldres,https://static.carrefour.es/hd_510x_/img_pim_food/974537_00_1.jpg
https://www.carrefour.es/supermercado/magdalena-con-aceite-de-oliva-carrefour-6-ud/R-VC4AECOMM-341962/p,Magdalena con aceite de oliva Carrefour 6 ud.,"2,99 €",,"0,50 €/ud",,Productos Frescos,Panadería Tradicional,Bollería Tradicional,https://static.carrefour.es/hd_510x_/img_pim_food/341962_00_1.jpg
https://www.carrefour.es/supermercado/bolsita-de-manzana-zanahoria-y-mango-desde-6-meses-nestle-sin-gluten-y-sin-azucar-anadido-90-g/R-823705644/p,"Bolsita de manzana, zanahoria y mango desde 6 meses Nestlé sin gluten y sin azúcar añadido 90 g.","1,30 €",,"14,44 €/kg",,Bebé,Alimentación infantil,"Postres, Zumos, Petit y Yogures Infantiles",https://static.carrefour.es/hd_510x_/img_pim_food/958496_00_1.jpg
https://www.carrefour.es/supermercado/pack-de-2-pilas-alcalinas-especiales-a23-e23a/R-829844413/p,Pack de 2 Pilas Alcalinas Especiales A23 E23a,"4,19 €",,"2,09 €/ud",,Limpieza y Hogar,Bazar,Pilas,https://static.carrefour.es/hd_510x_/img_pim_food/800035_00_1.jpg
https://www.carrefour.es/supermercado/nuez-moscada-molida-carrefour-classic-45-g/R-prod710296/p,Nuez moscada molida Carrefour Classic 45 g.,"1,29 €",,"28,67 €/kg",,La Despensa,Alimentación,Especias y Sazonadores,https://static.carrefour.es/hd_510x_/img_pim_food/851276_00_1.jpg
https://www.carrefour.es/supermercado/bloc-wc-1-ud/R-prod1022622/p,Bloc wc 1 ud.,"1,40 €",,"0,35 €/ud",,Limpieza y Hogar,Productos para Baño,WC,https://static.carrefour.es/hd_510x_/img_pim_food/098498_00_1.jpg
https://www.carrefour.es/supermercado/galleta-fibra-tosta-rica-760-g/R-VC4AECOMM-328368/p,Galleta fibra Tosta Rica 760 g.,"4,85 €",,"6,38 €/kg",,La Despensa,Desayuno,Galletas,https://static.carrefour.es/hd_510x_/img_pim_food/328368_00_1.jpg
https://www.carrefour.es/supermercado/tarrito-de-menestra-de-verduras-ternera-y-jamon-desde-6-meses-hero-baby-sin-gluten-pack-de-6-unidades-de-235-g/R-VC4AECOMM-032331/p,Tarrito de menestra de verduras ternera y jamón desde 6 meses Hero Baby sin gluten pack de 6 unidades de 235 g.,"10,89 €",,"7,72 €/kg",,Bebé,Alimentación infantil,Tarritos y Platos Preparados,https://static.carrefour.es/hd_510x_/img_pim_food/032331_00_1.jpg
https://www.carrefour.es/supermercado/vino-tinto-crianza-marques-de-valido-do-ca-rioja-75-cl/R-VC4AECOMM-432554/p,Vino tinto crianza Marqués de Valido D.O. Ca. Rioja 75 cl.,"5,05 €",,"5,05 €/ud",,Bebidas,Vinos,Tinto,https://static.carrefour.es/hd_510x_/img_pim_food/432554_00_1.jpg
https://www.carrefour.es/supermercado/tinte-de-cabello-permanente-sin-amoniaco-tono-10-negro-revlon-colorsilk-1-ud/R-826435166/p,Tinte de cabello permanente sin amoniaco tono 10 negro Revlon Colorsilk 1 ud.,"4,15 €",,"4,15 €/ud",,Perfumería e Higiene,Cabello,Tinte,https://static.carrefour.es/hd_510x_/img_pim_food/927356_00_1.jpg
https://www.carrefour.es/supermercado/bandas-de-cera-depilatoria-faciales-frias-carrefour-soft-20-ud/R-VC4AECOMM-696488/p,Bandas de cera depilatoria faciales frías Carrefour Soft 20 ud.,"1,38 €",,"0,07 €/ud",,Perfumería e Higiene,Depilación y Afeitado,Depilación,https://static.carrefour.es/hd_510x_/img_pim_food/696488_00_1.jpg
https://www.carrefour.es/supermercado/caramelos-sabor-eucalipto-sin-azucar-ricola-70-g/R-540201938/p,Caramelos sabor eucalipto sin azúcar Ricola 70 g.,"2,15 €",,"30,71 €/kg",,,,,https://static.carrefour.es/hd_510x_/img_pim_food/207151_00_1.jpg
https://www.carrefour.es/supermercado/brazo-chocolate-con-leche-500-g/R-VC4AECOMM-094423/p,Brazo Chocolate con Leche 500 g,"9,95 €",,"19,90 €/kg",,Productos Frescos,Panadería Tradicional,Pastelería y Repostería,https://static.carrefour.es/hd_510x_/img_pim_food/094423_00_1.jpg
https://www.carrefour.es/supermercado/hummus-con-pimiento-del-piquillo-asado-carrefour-extra-sin-gluten-240-g/R-VC4AECOMM-767128/p,Hummus con pimiento del piquillo asado Carrefour Extra sin gluten 240 g,"1,45 €",,"6,04 €/kg",,La Despensa,"Conservas, Sopas y Precocinados",Platos Preparados,https://static.carrefour.es/hd_510x_/img_pim_food/767128_00_1.jpg
https://www.carrefour.es/supermercado/agua-de-colonia-green-bouquet-floral-les-cosmetiques-100-ml/R-VC4AECOMM-305948/p,Agua de colonia green bouquet Floral Les Cosmétiques 100 ml.,"7,29 €",,"7,29 €/100ml",,Perfumería e Higiene,Baño e Higiene Corporal,Colonias,https://static.carrefour.es/hd_510x_/img_pim_food/305948_00_1.jpg
https://www.carrefour.es/supermercado/sobrasada-tradicional-igp-de-mallorca-el-zargal-sin-gluten-y-sin-lactosa-250-g/R-VC4AECOMM-709562/p,Sobrasada tradicional IGP de Mallorca El Zargal sin gluten y sin lactosa 250 g.,"6,49 €",,"25,96 €/kg",,Productos Frescos,Charcutería,"Foie, Patés y Sobrasadas",https://static.carrefour.es/hd_510x_/img_pim_food/709562_00_1.jpg
https://www.carrefour.es/supermercado/garbanzos-tostados-carrefour-tarrina-240-g/R-prod1070755/p,Garbanzos tostados Carrefour tarrina 240 g,"1,99 €",,"8,29 €/kg",,La Despensa,Aperitivos,Frutos Secos,https://static.carrefour.es/hd_510x_/img_pim_food/142436_00_1.jpg
https://www.carrefour.es/supermercado/ambientador-concentrado-wc-foresan-125-ml/R-699205662/p,Ambientador concentrado WC Foresan 125 ml.,"1,70 €",,"13,60 €/l",,Limpieza y Hogar,Ambientadores,Absorbeolores,https://static.carrefour.es/hd_510x_/img_pim_food/375819_00_1.jpg
https://www.carrefour.es/supermercado/barrita-de-chocolate-negro-alta-en-proteinas-carrefour-sensation-40-g/R-VC4AECOMM-436750/p,Barrita de chocolate negro alta en proteínas Carrefour Sensation 40 g.,"1,43 €",,"35,75 €/kg",,La Despensa,Desayuno,Barritas,https://static.carrefour.es/hd_510x_/img_pim_food/436750_00_1.jpg
https://www.carrefour.es/supermercado/surtido-de-setas-carrefour-450-g/R-521028248/p,Surtido de setas Carrefour 450 g.,"1,93 €",,"4,29 €/kg",,Congelados,Verduras Congeladas,,https://static.carrefour.es/hd_510x_/img_pim_food/792114_00_1.jpg
https://www.carrefour.es/supermercado/tomate-concentrado-mutti-130-g/R-fprod1480328/p,Tomate concentrado Mutti 130 g.,"2,79 €",,"21,46 €/kg",,La Despensa,"Conservas, Sopas y Precocinados",Conservas de Tomate,https://static.carrefour.es/hd_510x_/img_pim_food/414775_00_1.jpg
https://www.carrefour.es/supermercado/crema-de-chocolate-y-caramelo-extrafino-nestle-pack-de-2-unidades-de-70-g/R-prod970932/p,Crema de chocolate y caramelo Extrafino Nestlé pack de 2 unidades de 70 g.,"1,73 €",,"12,36 €/kg",,La Despensa,Yogures y Postres,"Natillas, Cremas y Copas",https://static.carrefour.es/hd_510x_/img_pim_food/061923_00_1.jpg
https://www.carrefour.es/supermercado/vino-tinto-barrica-mencia-dominio-de-tares-do-bierzo-75-cl/R-VC4AECOMM-319824/p,Dominio De Tares Colección Barricas Tinto 2019,"14,39 €",,"14,39 €/ud",,Bebidas,Vinos,Tinto,https://static.carrefour.es/hd_510x_/img_pim_food/319824_00_1.jpg
https://www.carrefour.es/supermercado/tinte-retoca-raices-spray-instantaneo-castano-oscuro-color-retouch-science-les-cosmetiques-75-ml/R-VC4AECOMM-509822/p,Tinte retoca raíces spray instantáneo castaño oscuro Color Retouch Science Les Cosmétiques 75 ml.,"4,89 €",,"6,52 €/100ml",,Perfumería e Higiene,Cabello,Tinte,https://static.carrefour.es/hd_510x_/img_pim_food/509822_00_1.jpg
https://www.carrefour.es/supermercado/complemento-alimenticio-para-el-cabello-y-las-unas-en-capsulas-pilexil-capsulas-forte-150-ud/R-VC4AECOMM-530992/p,Complemento alimenticio para el cabello y las uñas en cápsulas Pilexil Cápsulas Forte 150 ud.,"48,10 €",,"21,40 €/100g",,Parafarmacia,Nutrición y Dietética,Complementos Vitamínicos,https://static.carrefour.es/hd_510x_/img_pim_food/530992_00_1.jpg
https://www.carrefour.es/supermercado/yogur-desnatado-liquido-de-fresa-sin-azucar-anadido-carrefour-sin-gluten-1-kg/R-fprod1210033/p,Yogur desnatado líquido de fresa sin azúcar añadido Carrefour sin gluten 1 kg.,"1,39 €",,"1,39 €/kg",,La Despensa,Yogures y Postres,Yogures Líquidos,https://static.carrefour.es/hd_510x_/img_pim_food/256986_00_1.jpg
https://www.carrefour.es/supermercado/crema-de-queso-light-philadelphia-350-g/R-704404249/p,Crema de queso light Philadelphia 350 g.,"3,62 €",,"10,34 €/kg",,Productos Frescos,Quesos,Crema de queso,https://static.carrefour.es/hd_510x_/img_pim_food/409338_00_1.jpg
https://www.carrefour.es/supermercado/bebida-de-almendras-zero-almond-breeze-sin-gluten-sin-lactosa-brik-1-l/R-819256154/p,Bebida de almendras zero Almond Breeze sin gluten sin lactosa brik 1 l.,"2,19 €",,"2,19 €/l",,La Despensa,Lácteos,Bebida Vegetal,https://static.carrefour.es/hd_510x_/img_pim_food/947318_00_1.jpg
https://www.carrefour.es/supermercado/polvo-gasificante-para-hornear-royal-sin-gluten-pack-de-6-sobres-de-16-g/R-521004466/p,Polvo gasificante para hornear Royal sin gluten pack de 6 sobres de 16 g.,"2,69 €",,"28,02 €/kg",,La Despensa,Alimentación,Harinas y Levaduras,https://static.carrefour.es/hd_510x_/img_pim_food/613458_00_1.jpg
https://www.carrefour.es/supermercado/tortitas-de-maiz-sentation-carrefour-130-g/R-VC4AECOMM-137350/p,Tortitas de maíz Sentation Carrefour 130 g.,"1,40 €",,"10,77 €/kg",,La Despensa,Aperitivos,Tortitas,https://static.carrefour.es/hd_510x_/img_pim_food/137350_00_1.jpg
https://www.carrefour.es/supermercado/tallos-de-esparragos-blancos-classic-carrefour-250-g/R-526539181/p,Tallos de espárragos blancos Classic Carrefour 250 g.,"1,77 €",,"7,08 €/kg",,La Despensa,"Conservas, Sopas y Precocinados",Conservas de Vegetales,https://static.carrefour.es/hd_510x_/img_pim_food/728497_00_1.jpg
https://www.carrefour.es/supermercado/mejillones-fritos-en-escabeche-6-8-javimar-47-g/R-VC4AECOMM-324543/p,Mejillones fritos en escabeche 6/8 Javimar 47 g.,"4,95 €",,"105,32 €/kg",,La Despensa,"Conservas, Sopas y Precocinados",Conservas de Pescado y Marisco,https://static.carrefour.es/hd_510x_/img_pim_food/324543_00_1.jpg
https://www.carrefour.es/supermercado/barritas-de-cereales-con-cacahuetes-carrefour-125-g/R-521003390/p,Barritas de cereales con cacahuetes Carrefour 125 g.,"1,51 €",,"12,08 €/kg",,La Despensa,Desayuno,Barritas,https://static.carrefour.es/hd_510x_/img_pim_food/470367_00_1.jpg
https://www.carrefour.es/supermercado/regana-con-aceite-de-oliva-panceliac-sin-gluten-y-sin-lactosa-80-g/R-prod1090006/p,Regañá con aceite de oliva Panceliac sin gluten y sin lactosa 80 g.,"1,88 €",,"23,50 €/kg",,La Despensa,"Panaderia, Bollería y Pastelería","Colines, picos y crakers",https://static.carrefour.es/hd_510x_/img_pim_food/143097_00_1.jpg
https://www.carrefour.es/supermercado/arroz-largo-categoria-1-carrefour-classc-1-kg/R-538408171/p,Arroz largo categoria 1 Carrefour Classc´ 1 kg.,"1,38 €",,"1,38 €/kg",,La Despensa,Alimentación,Arroz y Cous Cous,https://static.carrefour.es/hd_510x_/img_pim_food/197726_00_1.jpg
https://www.carrefour.es/supermercado/panettone-mini-clasico-de-frutas-100-g/R-fprod1460053/p,Panettone mini clásico de frutas 100 g,"1,29 €",,"12,90 €/kg",,Productos Frescos,Panadería Tradicional,Panettones,https://static.carrefour.es/hd_510x_/img_pim_food/387136_00_1.jpg
https://www.carrefour.es/supermercado/te-rooibos-en-bolsitas-ecologico-carrefour-bio-20-ud/R-fprod1360091/p,Té Rooibos en bolsitas ecológico Carrefour Bio 20 ud.,"2,25 €",,"80,36 €/kg",,La Despensa,Desayuno,Infusiones y Tés,https://static.carrefour.es/hd_510x_/img_pim_food/338964_00_1.jpg
https://www.carrefour.es/supermercado/cacao-soluble-instantaneo-carrefour-sin-gluten-2-kg/R-VC4AECOMM-499953/p,Cacao soluble instantáneo Carrefour sin gluten 2 kg.,"7,19 €",,"3,59 €/kg",,La Despensa,Desayuno,Cacaos y Cereales Solubles,https://static.carrefour.es/hd_510x_/img_pim_food/499953_00_1.jpg
https://www.carrefour.es/supermercado/jamon-cocido-extra-braseado-en-lonchas-finas-campofrio-finissimas-sin-gluten-y-sin-lactosa-115-g/R-prod1040496/p,Jamón Cocido Extra braseado en lonchas finas Campofrío Finissimas sin gluten y sin lactosa 115 g,"1,89 €",,"16,43 €/kg",,Productos Frescos,Charcutería,Jamón Cocido y Lacón,https://static.carrefour.es/hd_510x_/img_pim_food/694984_00_1.jpg
https://www.carrefour.es/supermercado/vino-do-rueda-blanco-verdejo-fermentado-en-barrica-jose-pariente-75-cl/R-795751147/p,Jose Pariente Blanco Fermentado En Barrica 2022,"20,50 €",,"20,50 €/ud",,Bebidas,Vinos,Blanco,https://static.carrefour.es/hd_510x_/img_pim_food/779212_00_1.jpg
https://www.carrefour.es/supermercado/aceite-de-oliva-virgen-extra-de-nuestra-tierra-do-estepa-500-ml/R-prod780075/p,Aceite de oliva virgen extra De Nuestra Tierra D.O Estepa 500 ml.,"8,15 €",,"16,30 €/l",,La Despensa,Alimentación,Aceites y vinagres,https://static.carrefour.es/hd_510x_/img_pim_food/864109_00_1.jpg
https://www.carrefour.es/supermercado/crema-de-noche-nutritiva-anti-flacidez-pieles-maduras-loreal-dermo-expertise-50-ml/R-520663929/p,Crema de noche nutritiva anti-flacidez pieles maduras L'Oréal-Dermo Expertise 50 ml.,"9,75 €",,"19,50 €/100ml",,Perfumería e Higiene,Cuidado y Protección Corporal,Piel,https://static.carrefour.es/hd_510x_/img_pim_food/295610_00_1.jpg
https://www.carrefour.es/supermercado/salsa-picante-salsas-asturianas-sin-gluten-botella-106-g/R-681407761/p,Salsa picante Salsas Asturianas sin gluten botella 106 g.,"2,15 €",,"21,50 €/kg",,La Despensa,Alimentación,Salsas y Tomate Frito,https://static.carrefour.es/hd_510x_/img_pim_food/066583_00_1.jpg
https://www.carrefour.es/supermercado/antical-para-lavadora-en-pastillas-calgon-45-ud/R-558301521/p,Antical para lavadora en pastillas Calgon 45 ud.,"25,80 €",,"0,57 €/lavado",,Limpieza y Hogar,Cuidado de la Ropa,Limpiadores y Antical para Lavadora,https://static.carrefour.es/hd_510x_/img_pim_food/223075_00_1.jpg
https://www.carrefour.es/supermercado/galletas-sable-de-coco-carrefour-100-g/R-prod270035/p,Galletas sablé de coco Carrefour 100 g.,"2,19 €",,"21,90 €/kg",,,,,https://static.carrefour.es/hd_510x_/img_pim_food/108665_00_1.jpg
https://www.carrefour.es/supermercado/tinta-de-sepia-congelada-2-ud-de-4-g/R-prod64592/p,Tinta de sepia congelada 2 ud de 4 g,"0,31 €",,"0,31 €/ud",,Congelados,"Pulpo, Calamar y Sepia Congelados",,https://static.carrefour.es/hd_510x_/img_pim_food/988644_00_1.jpg
https://www.carrefour.es/supermercado/dentifrico-original-kemphor-pack-de-2-unidades-de-75-ml/R-521028451/p,Dentífrico original Kemphor pack de 2 unidades de 75 ml.,"4,55 €",,"3,03 €/100ml",,Perfumería e Higiene,Boca y Sonrisa,Dentífricos,https://static.carrefour.es/hd_510x_/img_pim_food/607104_00_1.jpg
https://www.carrefour.es/supermercado/caramelo-liquido-royal-400-g/R-651010941/p,Caramelo líquido Royal 400 g.,"3,29 €",,"8,22 €/kg",,,,,https://static.carrefour.es/hd_510x_/img_pim_food/001223_00_1.jpg
https://www.carrefour.es/supermercado/rigatoni-n24-de-cecco-500-g/R-804260085/p,Rigatoni nº24 De Cecco 500 g.,"2,65 €",,"5,30 €/kg",,La Despensa,Alimentación,Pastas,https://static.carrefour.es/hd_510x_/img_pim_food/688238_00_1.jpg
https://www.carrefour.es/supermercado/zumo-de-tomate-ecologico-carrefour-botella-750-l/R-fprod1280621/p,Zumo de tomate ecológico Carrefour botella 750 l.,"3,39 €",,"4,52 €/l",,Bebidas,Aguas y Zumos,Zumos no Refrigerados,https://static.carrefour.es/hd_510x_/img_pim_food/331211_00_1.jpg
https://www.carrefour.es/supermercado/aceite-corporal-con-aceites-de-argan-y-albaricoque-ecologico-nectar-of-bio-les-cosmetiques-100-ml/R-VC4AECOMM-477385/p,Aceite corporal con aceites de argán y albaricoque ecológico Nectar Of Bio Les Cosmétiques 100 ml.,"4,95 €",,"4,95 €/100ml",,Perfumería e Higiene,Cuidado y Protección Corporal,Piel,https://static.carrefour.es/hd_510x_/img_pim_food/477385_00_1.jpg
https://www.carrefour.es/supermercado/helado-de-chocolate-con-virutas-extra-carrefour-sin-gluten-470-g/R-VC4AECOMM-726699/p,Helado de chocolate con virutas Extra Carrefour sin gluten 470 g.,"2,35 €",,"5,00 €/kg",,Congelados,Helados,Tarrinas,https://static.carrefour.es/hd_510x_/img_pim_food/726699_00_1.jpg
https://www.carrefour.es/supermercado/cafe-molido-mezcla-gran-aroma-marcilla-500-g/R-804323774/p,Café molido mezcla Gran Aroma Marcilla 500 g.,"7,15 €",,"14,30 €/kg",,La Despensa,Desayuno,Cafés,https://static.carrefour.es/hd_510x_/img_pim_food/912132_00_1.jpg
https://www.carrefour.es/supermercado/cider-ladron-de-manzanas-sabor-frutos-rojos-botella-25-cl/R-prod760052/p,Cider Ladrón de manzanas sabor frutos rojos botella 25 cl.,"1,14 €",,"4,56 €/l",,Bebidas,Sidra,Cider,https://static.carrefour.es/hd_510x_/img_pim_food/859111_00_1.jpg
https://www.carrefour.es/supermercado/barritas-de-cereales-de-chocolate-con-leche-corny-sin-azucar-anadido-pack-6-unidades-de-20-g/R-521014570/p,Barritas de cereales de chocolate con leche Corny sin azúcar añadido pack 6 unidades de 20 g.,"2,59 €",,"21,58 €/kg",,La Despensa,Desayuno,Barritas,https://static.carrefour.es/hd_510x_/img_pim_food/591089_00_1.jpg
https://www.carrefour.es/supermercado/muesli-con-frutos-rojos-ecologico-el-granero-sin-gluten-375-g/R-VC4AECOMM-176955/p,Muesli con frutos rojos ecológico El Granero sin gluten 375 g.,"4,55 €",,"12,13 €/kg",,La Despensa,Desayuno,Cereales,https://static.carrefour.es/hd_510x_/img_pim_food/176955_00_1.jpg
https://www.carrefour.es/supermercado/quitamanchas-de-tinte-carrefour-soft-100-ml/R-VC4AECOMM-110686/p,Quitamanchas de tinte Carrefour Soft 100 ml.,"2,85 €",,"2,85 €/100ml",,Perfumería e Higiene,Cabello,Tinte,https://static.carrefour.es/hd_510x_/img_pim_food/110686_00_1.jpg
https://www.carrefour.es/supermercado/queso-fresco-0-grasa-classic-carrefour-500-g/R-prod61540/p,Queso fresco 0% grasa Classic´ Carrefour 500 g,"1,99 €",,"3,98 €/kg",,Productos Frescos,Quesos,Queso Fresco,https://static.carrefour.es/hd_510x_/img_pim_food/423589_00_1.jpg
https://www.carrefour.es/supermercado/fideos-gruesos-gallo-sin-gluten-450-g/R-VC4AECOMM-594198/p,Fideos gruesos Gallo sin gluten 450 g.,"2,19 €",,"4,87 €/kg",,La Despensa,Alimentación,Pastas,https://static.carrefour.es/hd_510x_/img_pim_food/594198_00_1.jpg
https://www.carrefour.es/supermercado/gel-de-ducha-cuidado-hidratante-aloe-y-agua-de-abedul-advanced-care-dove-400-ml/R-VC4AECOMM-376876/p,Gel de ducha cuidado hidratante aloe y agua de abedul Advanced Care Dove 400 ml.,"4,59 €",,"1,15 €/100ml",,Perfumería e Higiene,Baño e Higiene Corporal,Geles de Baño,https://static.carrefour.es/hd_510x_/img_pim_food/376876_00_1.jpg
https://www.carrefour.es/supermercado/zumo-de-naranja-carrefour-botella-1-l/R-827324485/p,Zumo de naranja Carrefour botella 1 l.,"4,03 €",,"4,03 €/l",,Bebidas,Aguas y Zumos,Zumos Refrigerados,https://static.carrefour.es/hd_510x_/img_pim_food/912944_00_1.jpg
https://www.carrefour.es/supermercado/postre-lacteo-fresa-desde-8-meses-nestle-yogolino-sin-gluten-pack-de-8-unidades-de-100-g/R-823705690/p,Postre lácteo fresa desde 8 meses Nestlé Yogolino sin gluten pack de 8 unidades de 100 g.,"5,65 €",,"7,06 €/kg",,Bebé,Alimentación infantil,"Postres, Zumos, Petit y Yogures Infantiles",https://static.carrefour.es/hd_510x_/img_pim_food/958527_00_1.jpg
https://www.carrefour.es/supermercado/agua-micelar-desmaquillador-todo-en-uno-para-piel-normal-y-mixta-micellair-nivea-400-ml/R-857900480/p,Agua micelar desmaquillador todo en uno para piel normal y mixta MicellAIR Nivea 400 ml.,"5,35 €",,"1,34 €/100ml",,Perfumería e Higiene,Cuidado y Protección Corporal,Limpieza Facial,https://static.carrefour.es/hd_510x_/img_pim_food/105759_00_1.jpg
https://www.carrefour.es/supermercado/maletin-paleta-de-cebo-iberica-50-raza-iberica-jamones-nico-18-sobres-de-80-g-144-kg/R-prod224484/p,"Maletín paleta de cebo ibérica 50% raza ibérica Jamones Nico 18 sobres de 80 g, 1,44 kg","75,50 €",,"52,43 €/kg",,Productos Frescos,Charcutería,Jamón Serrano e Ibérico Envasado,https://static.carrefour.es/hd_510x_/img_pim_food/275723_00_1.jpg
https://www.carrefour.es/supermercado/judias-verdes-con-patata-classic-carrefour-1-kg/R-VC4AECOMM-570694/p,Judías verdes con patata Classic Carrefour 1 kg,"1,99 €",,"1,99 €/kg",,Congelados,Verduras Congeladas,,https://static.carrefour.es/hd_510x_/img_pim_food/570694_00_1.jpg
https://www.carrefour.es/supermercado/aceite-de-semillas-con-un-toque-de-tomate-y-albahaca-alinos-koipe-750-ml/R-VC4AECOMM-351261/p,Aceite de semillas con un toque de tomate y albahaca Aliños Koipe 750 ml.,"2,79 €",,"3,72 €/l",,La Despensa,Alimentación,Aceites y vinagres,https://static.carrefour.es/hd_510x_/img_pim_food/351261_00_1.jpg
https://www.carrefour.es/supermercado/cafe-cortado-en-capsulas-carrefour-compatible-con-dolce-gusto-30-unidades-de-58-g/R-fprod1280745/p,"Café cortado en cápsulas Carrefour compatible con Dolce Gusto 30 unidades de 5,8 g.","5,45 €",,"31,32 €/kg",,La Despensa,Desayuno,Cafés,https://static.carrefour.es/hd_510x_/img_pim_food/331357_00_1.jpg
https://www.carrefour.es/supermercado/queso-de-cabra-con-ajo-y-finas-hiervas-para-untar-soignon-140-g/R-VC4AECOMM-412352/p,Queso de cabra con ajo y finas hiervas para untar Soignon 140 g.,"2,54 €",,"18,14 €/kg",,Productos Frescos,Quesos,Crema de queso,https://static.carrefour.es/hd_510x_/img_pim_food/412352_00_1.jpg
https://www.carrefour.es/supermercado/limpiahogar-universal-con-bioalcohol-brillante-tenn-125-l/R-521001817/p,"Limpiahogar universal con bioalcohol Brillante Tenn 1,25 l.","4,29 €",,"3,43 €/l",,Limpieza y Hogar,Productos para toda la casa,Suelos,https://static.carrefour.es/hd_510x_/img_pim_food/794851_00_1.jpg
https://www.carrefour.es/supermercado/desodorante-roll-on-original-black-white-invisible-nivea-men-pack-de-2-unidades-de-50-ml/R-VC4AECOMM-413319/p,Desodorante roll-on original Black & White invisible Nivea Men pack de 2 unidades de 50 ml,"4,05 €",,"4,05 €/100ml",,Perfumería e Higiene,Baño e Higiene Corporal,Desodorantes,https://static.carrefour.es/hd_510x_/img_pim_food/413319_00_1.jpg
https://www.carrefour.es/supermercado/sardinas-en-aceite-de-oliva-bajo-en-sal-calvo-84-g/R-526511057/p,Sardinas en aceite de oliva bajo en sal Calvo 84 g.,"2,15 €",,"25,60 €/kg",,La Despensa,"Conservas, Sopas y Precocinados",Conservas de Pescado y Marisco,https://static.carrefour.es/hd_510x_/img_pim_food/486926_00_1.jpg
https://www.carrefour.es/supermercado/bolsas-de-conservacion-doble-cierre-zip-dos-tamanos-sm-fami-50-ud/R-VC4AECOMM-678866/p,Bolsas de conservación doble cierre zip dos tamaños (S+M) Fami 50 ud.,"3,35 €",,"0,07 €/ud",,Limpieza y Hogar,Conservación de Alimentos,Bolsas,https://static.carrefour.es/hd_510x_/img_pim_food/678866_00_1.jpg
https://www.carrefour.es/supermercado/cebolla-dulce-carrefour-500-g/R-521032281/p,Cebolla dulce Carrefour 500 g,"1,89 €",,"3,78 €/kg",,Productos Frescos,Verduras y hortalizas,"Patatas, Cebollas y Ajos",https://static.carrefour.es/hd_510x_/img_pim_food/795906_00_1.jpg
https://www.carrefour.es/supermercado/pepinillos-agridulces-rioverde-sin-gluten-380-g/R-521004009/p,Pepinillos agridulces Rioverde sin gluten 380 g.,"3,19 €",,"8,39 €/kg",,La Despensa,Aperitivos,Aceitunas y Encurtidos,https://static.carrefour.es/hd_510x_/img_pim_food/236818_00_1.jpg
https://www.carrefour.es/supermercado/aderezo-de-limon-exprimido-solimon-280-ml/R-843600658/p,Aderezo de limón exprimido Solimón 280 ml.,"1,31 €",,"4,68 €/l",,La Despensa,Alimentación,Aceites y vinagres,https://static.carrefour.es/hd_510x_/img_pim_food/986204_00_1.jpg
https://www.carrefour.es/supermercado/vinagre-de-vino-blanco-carrefour-1-l/R-531705309/p,Vinagre de vino blanco Carrefour 1 l.,"0,65 €",,"0,65 €/l",,La Despensa,Alimentación,Aceites y vinagres,https://static.carrefour.es/hd_510x_/img_pim_food/184914_00_1.jpg
https://www.carrefour.es/supermercado/ropa-interior-absorbente-nino-noche-drynites-8-15-anos-27kg-57-kg-13-ud/R-521036775/p,Ropa interior absorbente niño noche DryNites 8-15 años (27kg-57 kg.) 13 ud.,"12,55 €",,"0,97 €/ud",,Bebé,Pañales y Toallitas,Pañales de Noche,https://static.carrefour.es/hd_510x_/img_pim_food/620388_00_1.jpg
https://www.carrefour.es/supermercado/monster-energy-ultra-paradise-bebida-energetica-lata-50-cl/R-VC4AECOMM-550070/p,Monster Energy Ultra Paradise Bebida Energética lata 50 cl.,"1,45 €",,"2,90 €/l",,Bebidas,Refrescos,Energéticas,https://static.carrefour.es/hd_510x_/img_pim_food/550070_00_1.jpg
https://www.carrefour.es/supermercado/ginebra-mombasa-club-70-cl/R-785714930/p,Ginebra Mombasa Club 70 cl.,"24,20 €",,"34,57 €/l",,Bebidas,Alcoholes,Ginebra,https://static.carrefour.es/hd_510x_/img_pim_food/876525_00_1.jpg
https://www.carrefour.es/supermercado/ginebra-london-dry-old-thames-15-l/R-VC4AECOMM-017446/p,"Ginebra London Dry Old Thames 1,5 l.","12,69 €",,"8,46 €/l",,Bebidas,Alcoholes,Ginebra,https://static.carrefour.es/hd_510x_/img_pim_food/017446_00_1.jpg
https://www.carrefour.es/supermercado/champinon-cuartos-carrefour-bandeja-300-g-aprox/R-fprod1220123/p,Champiñon cuartos Carrefour bandeja 300 g aprox,"1,96 €",,"6,52 €/kg",,Productos Frescos,Verduras y hortalizas,Setas y Hongos,https://static.carrefour.es/hd_510x_/img_pim_food/271603_00_1.jpg
https://www.carrefour.es/supermercado/patata-para-freir-circulo-de-calidad-25-kg/R-521034191/p,"Patata para freír Círculo de Calidad 2,5 kg","4,99 €",,"2,00 €/kg",,Productos Frescos,Verduras y hortalizas,"Patatas, Cebollas y Ajos",https://static.carrefour.es/hd_510x_/img_pim_food/352630_00_1.jpg
https://www.carrefour.es/supermercado/conos-con-helado-de-vainilla-cornetto-6-ud/R-prod700443/p,Conos con helado de vainilla Cornetto 6 ud.,"5,15 €",,"0,86 €/ud",,,,,https://static.carrefour.es/hd_510x_/img_pim_food/848756_00_1.jpg
https://www.carrefour.es/supermercado/salchichon-cular-curado-ezequiel-sin-gluten-y-sin-lactosa-400-g/R-VC4AECOMM-683770/p,Salchichón cular curado Ezequiel sin gluten y sin lactosa 400 g,"8,49 €",,"16,99 €/kg",,Productos Frescos,Charcutería,"Salchichón, Salami y Fuet",https://static.carrefour.es/hd_510x_/img_pim_food/683770_00_1.jpg
https://www.carrefour.es/supermercado/bolsas-de-basura-perfumada-100-reciclado-handy-bag-30l-25-ud/R-VC4AECOMM-800901/p,Bolsas de Basura Perfumada 100% Reciclado HANDY BAG 30L 25 ud,"6,25 €",,"0,25 €/ud",,Limpieza y Hogar,Utensilios de Limpieza,Bolsas de Basura,https://static.carrefour.es/hd_510x_/img_pim_food/800901_00_1.jpg
https://www.carrefour.es/supermercado/cerveza-san-miguel-00-alcohol-pack-de-6-botellas-de-25-cl/R-520661348/p,"Cerveza San Miguel 0,0 alcohol pack de 6 botellas de 25 cl.","2,99 €",,"1,99 €/l",,Bebidas,Cerveza,Sin Alcohol,https://static.carrefour.es/hd_510x_/img_pim_food/000165_00_1.jpg
https://www.carrefour.es/supermercado/vino-tinto-crianza-tempranillo-vina-pomal-doca-rioja-75-cl/R-540201756/p,Viña Pomal Tinto Crianza 2020,"8,95 €",,"8,95 €/ud",,Bebidas,Vinos,Tinto,https://static.carrefour.es/hd_510x_/img_pim_food/123148_00_1.jpg
https://www.carrefour.es/supermercado/monedas-y-billetes-de-chocolate-con-leche-carrefour-80-g/R-526517565/p,Monedas y billetes de chocolate con leche Carrefour 80 g.,"1,29 €",,"16,12 €/kg",,,,,https://static.carrefour.es/hd_510x_/img_pim_food/566070_00_1.jpg
https://www.carrefour.es/supermercado/manzanilla-con-anis-en-bolsitas-hornimans-25-ud/R-521003130/p,Manzanilla con anís en bolsitas Hornimans 25 ud.,"2,15 €",,"61,43 €/kg",,La Despensa,Desayuno,Infusiones y Tés,https://static.carrefour.es/hd_510x_/img_pim_food/001736_00_1.jpg
https://www.carrefour.es/supermercado/ambientador-spray-colonia-essential-carrefour-300-ml/R-VC4AECOMM-627423/p,Ambientador spray colonia Essential Carrefour 300 ml.,"1,15 €",,"3,83 €/l",,Limpieza y Hogar,Ambientadores,Aerosol o pistola,https://static.carrefour.es/hd_510x_/img_pim_food/627423_00_1.jpg
https://www.carrefour.es/supermercado/salchichas-vegana-estilo-frankfurt-beter-balance-150-g/R-VC4AECOMM-045911/p,Salchichas vegana estilo frankfurt Beter Balance 150 g.,"2,99 €",,"19,93 €/kg",,Productos Frescos,Charcutería,Salchichas,https://static.carrefour.es/hd_510x_/img_pim_food/045911_00_1.jpg
https://www.carrefour.es/supermercado/powerade-ice-storm-zero-bebida-isotonica-botella-50-cl/R-prod60724/p,Powerade Ice Storm Zero bebida isotónica botella 50 cl.,"1,45 €",,"2,90 €/l",,Bebidas,Refrescos,Sabores sin Gas,https://static.carrefour.es/hd_510x_/img_pim_food/210192_00_1.jpg
https://www.carrefour.es/supermercado/tallarines-carrefour-1-kg/R-fprod1270190/p,Tallarines Carrefour 1 kg.,"1,22 €",,"1,22 €/kg",,La Despensa,Alimentación,Pastas,https://static.carrefour.es/hd_510x_/img_pim_food/325856_00_1.jpg
https://www.carrefour.es/supermercado/galleta-choco-tablet-con-chocolate-negro-zero-gullon-sin-azucar-anadido-150-g/R-VC4AECOMM-440765/p,Galleta choco tablet con chocolate negro Zero Gullón sin azúcar añadido 150 g.,"3,59 €",,"23,93 €/kg",,La Despensa,Desayuno,Galletas,https://static.carrefour.es/hd_510x_/img_pim_food/440765_00_1.jpg
https://www.carrefour.es/supermercado/cebollino-manojo-de-175-g/R-VC4AECOMM-697282/p,Cebollino manojo de 175 g,"1,79 €",,"10,23 €/kg",,Productos Frescos,Verduras y hortalizas,Hortalizas,https://static.carrefour.es/hd_510x_/img_pim_food/697282_00_1.jpg
https://www.carrefour.es/supermercado/refresco-naranja-zero-carrefour-classic-botella-2-l/R-VC4AECOMM-767087/p,Refresco naranja Zero Carrefour Classic' botella 2 l,"0,85 €",,"0,42 €/l",,Bebidas,Refrescos,Sabores con Gas,https://static.carrefour.es/hd_510x_/img_pim_food/767087_00_1.jpg
https://www.carrefour.es/supermercado/crema-de-chocolate-sustitutiva-bimanan-linea-sin-gluten-pack-de-2-unidades-de-210-g/R-594902744/p,Crema de chocolate sustitutiva Bimanán Línea sin gluten pack de 2 unidades de 210 g.,"7,49 €",,"17,83 €/kg",,La Despensa,Yogures y Postres,Otros Postres,https://static.carrefour.es/hd_510x_/img_pim_food/350042_00_1.jpg
https://www.carrefour.es/supermercado/lejia-perfumada-frescor-floral-conejo-2-l/R-521012208/p,Lejía perfumada frescor floral Conejo 2 l.,"2,89 €",,"1,44 €/l",,Limpieza y Hogar,Productos para toda la casa,Lejías y Amoniacos,https://static.carrefour.es/hd_510x_/img_pim_food/022460_00_1.jpg
https://www.carrefour.es/supermercado/whisky-ballantines-10-anos-american-barrel-70-cl/R-VC4AECOMM-420733/p,Whisky Ballantine´s 10 años American Barrel 70 cl.,"21,60 €",,"30,86 €/l",,,,,https://static.carrefour.es/hd_510x_/img_pim_food/420733_00_1.jpg
https://www.carrefour.es/supermercado/cafe-cappuccino-starbucks-220-ml/R-801580363/p,Café cappuccino Starbucks 220 ml.,"2,09 €",,"9,50 €/l",,La Despensa,Desayuno,Cafés,https://static.carrefour.es/hd_510x_/img_pim_food/906127_00_1.jpg
https://www.carrefour.es/supermercado/gel-de-ducha-cuidado-experto-atopiderm-nutri-repair-sanex-600-ml/R-VC4AECOMM-624142/p,Gel de ducha cuidado experto + Atopiderm Nutri Repair Sanex 600 ml.,"3,75 €",,"0,62 €/100ml",,Perfumería e Higiene,Baño e Higiene Corporal,Geles de Baño,https://static.carrefour.es/hd_510x_/img_pim_food/624142_00_1.jpg
https://www.carrefour.es/supermercado/bocaditos-al-cacao-classic-carrefour-500-g/R-682401715/p,Bocaditos al cacao Classic' Carrefour 500 g.,"2,09 €",,"4,18 €/kg",,La Despensa,"Panaderia, Bollería y Pastelería",Bollería,https://static.carrefour.es/hd_510x_/img_pim_food/069000_00_1.jpg
https://www.carrefour.es/supermercado/mortadela-con-aceitunas-carrefour-800-g/R-VC4AECOMM-710675/p,Mortadela con aceitunas Carrefour 800 g.,"3,39 €",,"4,24 €/kg",,Productos Frescos,Charcutería,Mortadela y Chopped,https://static.carrefour.es/hd_510x_/img_pim_food/710675_00_1.jpg
https://www.carrefour.es/supermercado/mantequilla-tarrina-sin-sal-carrefour-classic-1-kg/R-fprod1350065/p,Mantequilla tarrina sin sal Carrefour Classic 1 kg.,"9,89 €",,"9,89 €/kg",,La Despensa,Lácteos,Mantequillas y Margarinas,https://static.carrefour.es/hd_510x_/img_pim_food/337178_00_1.jpg
https://www.carrefour.es/supermercado/tarta-helada-laminada-de-nata-carrefour-525-g/R-793104284/p,Tarta helada laminada de nata Carrefour 525 g.,"1,95 €",,"3,71 €/kg",,Congelados,Helados,Tartas Heladas,https://static.carrefour.es/hd_510x_/img_pim_food/891350_00_1.jpg
https://www.carrefour.es/supermercado/arroz-redondo-ecologico-carrefour-bio-1-kg/R-VC4AECOMM-718627/p,Arroz redondo ecológico Carrefour Bio 1 kg.,"3,59 €",,"3,59 €/kg",,La Despensa,Alimentación,Arroz y Cous Cous,https://static.carrefour.es/hd_510x_/img_pim_food/718627_00_1.jpg
https://www.carrefour.es/supermercado/40-bolsas-de-basura-plastico-reciclado-carrefour-30-l/R-VC4AECOMM-448065/p,40 Bolsas de Basura Plástico Reciclado CARREFOUR 30 l.,"1,70 €",,"0,04 €/ud",,Limpieza y Hogar,Ofertas en Limpieza y Hogar,,https://static.carrefour.es/hd_510x_/img_pim_food/448065_00_1.jpg
https://www.carrefour.es/supermercado/tratamiento-capilar-de-8-segundos-para-pelo-deshidratado-elvive-hidra-hialuronico-magic-water-loreal-paris-200-ml/R-VC4AECOMM-154134/p,Tratamiento capilar de 8 segundos para pelo deshidratado Elvive Hidra Hialurónico Magic Water L'Oréal Paris 200 ml.,"8,99 €",,"4,49 €/100ml",,Perfumería e Higiene,Cabello,Cuidado y Tratamientos del cabello,https://static.carrefour.es/hd_510x_/img_pim_food/154134_00_1.jpg
https://www.carrefour.es/supermercado/limonada-don-simon-exprimida-botella-15-l/R-714518204/p,"Limonada Don Simón exprimida botella 1,5 l.","1,13 €",,"0,75 €/l",,Bebidas,Aguas y Zumos,Zumos no Refrigerados,https://static.carrefour.es/hd_510x_/img_pim_food/466468_00_1.jpg
https://www.carrefour.es/supermercado/galletas-avena-y-fruta-ecologicas-digestive-gullon-270-g/R-prod1040858/p,Galletas avena y fruta ecológicas Digestive Gullón 270 g.,"3,39 €",,"12,56 €/kg",,La Despensa,Desayuno,Galletas,https://static.carrefour.es/hd_510x_/img_pim_food/116944_00_1.jpg
https://www.carrefour.es/supermercado/bebida-de-soja-ligera-alpro-sin-gluten-y-sin-lactosa-brik-1-l/R-VC4AECOMM-732751/p,Bebida de soja ligera Alpro sin gluten y sin lactosa brik 1 l.,"1,99 €",,"1,99 €/l",,La Despensa,Lácteos,Bebida Vegetal,https://static.carrefour.es/hd_510x_/img_pim_food/732751_00_1.jpg
https://www.carrefour.es/supermercado/vodka-grey-goose-70-cl/R-589802300/p,Grey Goose Vodka,"56,40 €",,"80,57 €/l",,Bebidas,Alcoholes,Vodka,https://static.carrefour.es/hd_510x_/img_pim_food/243352_00_1.jpg
https://www.carrefour.es/supermercado/comida-humeda-arroz-y-zanahora-para-perro-adulto-canibaq-1-kg/R-VC4AECOMM-625942/p,Comida húmeda arroz y zanahora para perro adulto Canibaq 1 kg,"1,75 €",,"1,75 €/kg",,Mascotas,Perros,"Premios, Snacks y Huesos",https://static.carrefour.es/hd_510x_/img_pim_food/625942_00_1.jpg
https://www.carrefour.es/supermercado/bombon-helado-caramelo-double-magnum-3-ud/R-827614211/p,Bombón helado caramelo Double Magnum 3 ud.,"4,99 €",,"1,66 €/ud",,Congelados,Helados,Bombón Helado,https://static.carrefour.es/hd_510x_/img_pim_food/962223_00_1.jpg
https://www.carrefour.es/supermercado/cortezas-de-lentejas-ecologicas-ecocesta-65-g/R-842010803/p,Cortezas de lentejas ecológicas Ecocesta 65 g.,"3,05 €",,"46,92 €/kg",,La Despensa,Aperitivos,Torreznos y Cortezas,https://static.carrefour.es/hd_510x_/img_pim_food/980957_00_1.jpg
https://www.carrefour.es/supermercado/mermelada-de-pina-la-vieja-fabrica-sin-gluten-350-g/R-540201726/p,Mermelada de piña La Vieja Fábrica sin gluten 350 g.,"3,15 €",,"9,00 €/kg",,La Despensa,Dulce,"Mermeladas, Membrillos y Compotas",https://static.carrefour.es/hd_510x_/img_pim_food/032494_00_1.jpg
https://www.carrefour.es/supermercado/papel-higienico-triple-rollo-de-2-capas-carrefour-4-rollos/R-725602093/p,Papel higiénico triple rollo de 2 capas Carrefour 4 rollos.,"2,30 €",,"0,57 €/ud",,Limpieza y Hogar,Papel y Celulosa,Papel Higiénico,https://static.carrefour.es/hd_510x_/img_pim_food/661216_00_1.jpg
https://www.carrefour.es/supermercado/tarrito-de-melocoton-platano-y-pera-desde-6-meses-ecologico-carrefour-baby-bio-sin-gluten-200-g/R-VC4AECOMM-432802/p,"Tarrito de melocotón, plátano y pera desde 6 meses ecológico Carrefour Baby Bio sin gluten 200 g.","1,42 €",,"7,10 €/kg",,Bebé,Alimentación infantil,Tarritos y Platos Preparados,https://static.carrefour.es/hd_510x_/img_pim_food/432802_00_1.jpg
https://www.carrefour.es/supermercado/chocolate-negro-85-almendras-troceadas-sin-azucares-anadidos-valor-sin-gluten-100-g/R-VC4AECOMM-417011/p,Chocolate negro 85% almendras troceadas sin azúcares añadidos Valor sin gluten 100 g.,"2,69 €",,"26,90 €/kg",,,,,https://static.carrefour.es/hd_510x_/img_pim_food/417011_00_1.jpg
https://www.carrefour.es/supermercado/vino-rose-ecologico-la-cave-daugustin-florent-aoc-cotes-de-provence-75-c/R-VC4AECOMM-390925/p,Vino rosé ecológico La Cave D'augustin Florent A.O.C. Côtes de Provence 75 c.,"11,09 €",,"11,09 €/ud",,,,,https://static.carrefour.es/hd_510x_/img_pim_food/390925_00_1.jpg
https://www.carrefour.es/supermercado/ambientador-de-coche-aroma-limpio-cristalinas-1-ud/R-632702108/p,Ambientador de coche aroma limpio Cristalinas 1 ud.,"4,05 €",,"4,05 €/ud",,Limpieza y Hogar,Ambientadores,Coche,https://static.carrefour.es/hd_510x_/img_pim_food/808763_00_1.jpg
https://www.carrefour.es/supermercado/calabaza-del-pais-2-kg-aprox/R-616401752/p,Calabaza del país 2 kg aprox,"4,38 €",,"2,19 €/kg",,Productos Frescos,Verduras y hortalizas,Hortalizas,https://static.carrefour.es/hd_510x_/img_pim_food/181383_00_1.jpg
https://www.carrefour.es/supermercado/preservativos-invisibles-super-finos-para-maximizar-la-sensibilidad-durex-12-ud/R-VC4AECOMM-487646/p,Preservativos invisibles super finos para maximizar la sensibilidad Durex 12 ud.,"15,35 €",,"1,28 €/ud",,Perfumería e Higiene,Bienestar Sexual,Preservativos,https://static.carrefour.es/hd_510x_/img_pim_food/487646_00_1.jpg
https://www.carrefour.es/supermercado/bruma-corporal-y-capilar-sunset-passion-carrefour-soft-200-ml/R-VC4AECOMM-214365/p,Bruma corporal y capilar sunset passion Carrefour Soft 200 ml.,"2,89 €",,"1,44 €/100ml",,Perfumería e Higiene,Baño e Higiene Corporal,Colonias,https://static.carrefour.es/hd_510x_/img_pim_food/214365_00_1.jpg
https://www.carrefour.es/supermercado/cereales-con-chocolate-belga-kelloggs-all-bran-375-g/R-801332792/p,Cereales con chocolate belga Kellogg's All Bran 375 g.,"3,59 €",,"9,57 €/kg",,La Despensa,Desayuno,Cereales,https://static.carrefour.es/hd_510x_/img_pim_food/909046_00_1.jpg
https://www.carrefour.es/supermercado/napolitanas-rellenas-de-chocolate-classic-carrefour-320-g/R-521007237/p,Napolitanas rellenas de chocolate Classic' Carrefour 320 g.,"1,55 €",,"4,84 €/kg",,La Despensa,"Panaderia, Bollería y Pastelería",Bollería,https://static.carrefour.es/hd_510x_/img_pim_food/752845_00_1.jpg
https://www.carrefour.es/supermercado/alubia-cocida-al-natural-carrefour-210-g/R-VC4AECOMM-551491/p,Alubia cocida al natural Carrefour 210 g.,"0,63 €",,"3,00 €/kg",,La Despensa,Alimentación,Legumbres,https://static.carrefour.es/hd_510x_/img_pim_food/551491_00_1.jpg
https://www.carrefour.es/supermercado/preparado-lacteo-con-avena-omega-3-puleva-brik-1-l/R-836808349/p,Preparado lácteo con avena Omega 3 Puleva brik 1 l.,"2,05 €","1,69 €","2,05 €/l","1,69 €/l",La Despensa,Lácteos,Leche,https://static.carrefour.es/hd_510x_/img_pim_food/973939_00_1.jpg
https://www.carrefour.es/supermercado/sopa-de-letritas-knorr-82-g/R-VC4AECOMM-599552/p,Sopa de letritas Knorr 82 g.,"0,87 €",,"10,61 €/kg",,La Despensa,"Conservas, Sopas y Precocinados","Caldos, Sopas y Pure",https://static.carrefour.es/hd_510x_/img_pim_food/599552_00_1.jpg
https://www.carrefour.es/supermercado/tortellini-de-carne-al-huevo-gallo-500-g/R-521005730/p,Tortellini de carne al huevo Gallo 500 g.,"3,35 €",,"6,70 €/kg",,La Despensa,Alimentación,Pastas,https://static.carrefour.es/hd_510x_/img_pim_food/166340_00_1.jpg
https://www.carrefour.es/supermercado/solomillo-de-cerdo-con-patatas-parisinas-al-oporto-carretilla-300-g/R-VC4AECOMM-465449/p,Solomillo de cerdo con patatas parisinas al oporto Carretilla 300 g.,"5,39 €",,"17,97 €/kg",,La Despensa,"Conservas, Sopas y Precocinados",Platos Preparados,https://static.carrefour.es/hd_510x_/img_pim_food/465449_00_1.jpg
https://www.carrefour.es/supermercado/coca-cola-pack-12-latas-33-cl/R-530014303/p,Coca Cola pack 12 latas 33 cl.,"10,44 €",,"2,64 €/l",,Bebidas,Refrescos,Colas,https://static.carrefour.es/hd_510x_/img_pim_food/029232_00_1.jpg
https://www.carrefour.es/supermercado/lenteja-pardina-categoria-extra-luengo-1-kg/R-526538843/p,Lenteja pardina categoría extra Luengo 1 kg.,"3,93 €",,"3,93 €/kg",,La Despensa,Alimentación,Legumbres,https://static.carrefour.es/hd_510x_/img_pim_food/097243_00_1.jpg
https://www.carrefour.es/supermercado/alimento-humedo-para-gatos-pollo-100-gr-carrefour/R-550901629/p,"Alimento Húmedo para Gatos Pollo 100 gr, Carrefour","0,41 €",,"4,10 €/kg",,Mascotas,Gatos,Pienso para gatos,https://static.carrefour.es/hd_510x_/img_pim_food/128966_00_1.jpg
https://www.carrefour.es/supermercado/cafe-molido-mezcla-de-cultivo-sostenible-nestle-bonka-500-g/R-prod310209/p,Café molido mezcla de cultivo sostenible Nestlé Bonka 500 g.,"5,95 €",,"11,90 €/kg",,La Despensa,Desayuno,Cafés,https://static.carrefour.es/hd_510x_/img_pim_food/372000_00_1.jpg
https://www.carrefour.es/supermercado/ginebra-beefeater-light-70-cl/R-VC4AECOMM-625021/p,Beefeater Light Ginebra,"15,35 €",,"21,93 €/l",,Bebidas,Alcoholes,Ginebra,https://static.carrefour.es/hd_510x_/img_pim_food/625021_00_1.jpg
https://www.carrefour.es/supermercado/nuez-moscada-molida-carmencita-sin-gluten-50-g/R-521005069/p,Nuez moscada molida Carmencita sin gluten 50 g.,"3,09 €",,"61,80 €/kg",,La Despensa,Alimentación,Especias y Sazonadores,https://static.carrefour.es/hd_510x_/img_pim_food/002176_00_1.jpg
https://www.carrefour.es/supermercado/vinagre-de-vino-tinto-carrefour-1-l/R-531705311/p,Vinagre de vino tinto Carrefour 1 l.,"0,96 €",,"0,96 €/l",,La Despensa,Alimentación,Aceites y vinagres,https://static.carrefour.es/hd_510x_/img_pim_food/184917_00_1.jpg
https://www.carrefour.es/supermercado/apositos-ampollas-surtido-compeed-6-ud/R-663201846/p,Apositos ampollas surtido Compeed 6 ud.,"8,45 €",,"1,69 €/ud",,Parafarmacia,Botiquín,Apósitos y Gasas,https://static.carrefour.es/hd_510x_/img_pim_food/314757_00_1.jpg
https://www.carrefour.es/supermercado/kefir-sabor-limon-y-yuzu-pastoret-sin-gluten-250-g/R-VC4AECOMM-422063/p,Kéfir sabor limón y yuzu Pastoret sin gluten 250 g.,"2,09 €",,"8,36 €/kg",,La Despensa,Yogures y Postres,Yogur Natural y Sabores,https://static.carrefour.es/hd_510x_/img_pim_food/422063_00_1.jpg
https://www.carrefour.es/supermercado/chicles-sabor-sandia-trident-pack-de-3-unidades-de-20-g/R-849200316/p,Chicles sabor sandía Trident pack de 3 unidades de 20 g.,"2,99 €",,"4,98 €/kg",,La Despensa,Dulce,Dulces y Golosinas,https://static.carrefour.es/hd_510x_/img_pim_food/018135_00_1.jpg
https://www.carrefour.es/supermercado/levadura-deshidratada-dr-schar-sin-gluten-pack-de-2-unidades-de-10-g/R-prod272809/p,Levadura deshidratada Dr. Schär sin gluten pack de 2 unidades de 10 g.,"0,99 €",,"49,50 €/kg",,La Despensa,Alimentación,Harinas y Levaduras,https://static.carrefour.es/hd_510x_/img_pim_food/815211_00_1.jpg
https://www.carrefour.es/supermercado/perejil-liso-ecologico-carrefour-bio-maceta-1-ud/R-696105164/p,Perejil liso ecológico Carrefour Bio maceta 1 ud,"1,94 €",,"1,94 €/ud",,Productos Frescos,Verduras y hortalizas,Hierbas Aromáticas y especias,https://static.carrefour.es/hd_510x_/img_pim_food/095175_00_1.jpg
https://www.carrefour.es/supermercado/regaliz-oro-haribo-125-g/R-VC4AECOMM-660589/p,Regaliz Oro Haribo 125 g.,"3,29 €",,"26,32 €/kg",,La Despensa,Dulce,Dulces y Golosinas,https://static.carrefour.es/hd_510x_/img_pim_food/660589_00_1.jpg
https://www.carrefour.es/supermercado/sopa-de-carne-con-estrellitas-carrefour-classic-pack-de-2-sobres-de-77-g/R-VC4AECOMM-057329/p,Sopa de carne con estrellitas Carrefour Classic' pack de 2 sobres de 77 g.,"1,25 €",,"8,12 €/kg",,La Despensa,"Conservas, Sopas y Precocinados","Caldos, Sopas y Pure",https://static.carrefour.es/hd_510x_/img_pim_food/057329_00_1.jpg
https://www.carrefour.es/supermercado/desodorante-antitranspirante-roll-on-strong-perspirex-20-ml/R-VC4AECOMM-432378/p,Desodorante antitranspirante roll-on Strong Perspirex 20 ml.,"16,39 €",,"81,95 €/100ml",,Parafarmacia,Cuidado corporal,Desodorantes,https://static.carrefour.es/hd_510x_/img_pim_food/432378_00_1.jpg
https://www.carrefour.es/supermercado/cepillo-dental-suave-phb-2-ud/R-764905855/p,Cepillo dental suave Phb 2 ud.,"7,79 €",,"7,79 €/ud",,Parafarmacia,Higiene Bucal,Cepillos y Seda,https://static.carrefour.es/hd_510x_/img_pim_food/773446_00_1.jpg
https://www.carrefour.es/supermercado/cerveza-budweiser-lager-pack-de-6-botellas-de-25-cl/R-520661193/p,Cerveza Budweiser Lager pack de 6 botellas de 25 cl.,"5,19 €",,"3,46 €/l",,Bebidas,Cerveza,Todas las Cervezas,https://static.carrefour.es/hd_510x_/img_pim_food/007334_00_1.jpg
https://www.carrefour.es/supermercado/pizza-jamon-y-queso-goodfellas-351-g/R-VC4AECOMM-154382/p,Pizza jamón y queso Goodfella's 351 g,"3,85 €",,"10,97 €/kg",,La Despensa,"Conservas, Sopas y Precocinados",Pizzas,https://static.carrefour.es/hd_510x_/img_pim_food/154382_00_1.jpg
https://www.carrefour.es/supermercado/galletas-con-fibra-sin-azucares-florbu-350-g/R-800058097/p,Galletas con fibra sin azúcares Florbú 350 g.,"2,55 €",,"7,29 €/kg",,La Despensa,Desayuno,Galletas,https://static.carrefour.es/hd_510x_/img_pim_food/899664_00_1.jpg
https://www.carrefour.es/supermercado/leche-infantil-de-continuacion-desde-6-meses-en-polvo-enfamil-complete-2-800-g/R-fprod1410179/p,Leche infantil de continuación desde 6 meses en polvo Enfamil Complete 2 800 g.,"24,10 €",,"30,12 €/kg",,Parafarmacia,Bebé,Leche infantil,https://static.carrefour.es/hd_510x_/img_pim_food/363339_00_1.jpg
https://www.carrefour.es/supermercado/colonia-original-denenes-600-ml/R-521036842/p,Colonia Original Denenes 600 ml.,"4,25 €",,"0,71 €/100ml",,Bebé,Perfumería e Higiene,Colonia,https://static.carrefour.es/hd_510x_/img_pim_food/101997_00_1.jpg
https://www.carrefour.es/supermercado/vino-blanco-joven-mrs-viu-75-cl/R-VC4AECOMM-332548/p,Vino blanco joven Mrs. Viu 75 cl.,"3,55 €",,"3,55 €/ud",,,,,https://static.carrefour.es/hd_510x_/img_pim_food/332548_00_1.jpg
https://www.carrefour.es/supermercado/chicles-de-hierbabuena-sin-azucar-five-618-g/R-VC4AECOMM-756897/p,"Chicles de hierbabuena sin azúcar Five 61,8 g.","4,45 €",,"72,95 €/kg",,La Despensa,Dulce,Dulces y Golosinas,https://static.carrefour.es/hd_510x_/img_pim_food/756897_00_1.jpg
https://www.carrefour.es/supermercado/ciruela-deshuesada-carrefour-el-mercado-tarrina-de-350-g/R-prod1070718/p,Ciruela deshuesada Carrefour El Mercado tarrina de 350 g,"2,99 €",,"8,54 €/kg",,La Despensa,Aperitivos,Frutas Desecadas,https://static.carrefour.es/hd_510x_/img_pim_food/142122_00_1.jpg
https://www.carrefour.es/supermercado/comida-humeda-de-salmon-para-gato-junior-purina-one-junior-4x85-g/R-prod770080/p,Comida húmeda de salmón para gato junior Purina One Junior 4x85 g.,"3,29 €",,"9,68 €/kg",,Mascotas,Gatos,Pienso para gatos,https://static.carrefour.es/hd_510x_/img_pim_food/862741_00_1.jpg
https://www.carrefour.es/supermercado/fosforos-largos-tres-estrellas-pack-de-3-ud/R-prod130309/p,Fósforos largos Tres Estrellas pack de 3 ud.,"3,19 €",,"1,06 €/ud",,Limpieza y Hogar,Menaje,Utensilios de Cocina,https://static.carrefour.es/hd_510x_/img_pim_food/909441_00_1.jpg
https://www.carrefour.es/supermercado/tincastao-casting-cglos400/R-531705393/p,TIN.CASTA?O CASTING C.GLOS400,"5,99 €",,"5,99 €/ud",,Perfumería e Higiene,Cabello,Tinte,https://static.carrefour.es/hd_510x_/img_pim_food/796728_00_1.jpg
https://www.carrefour.es/supermercado/orejon-albaricoque-ecologico-carrefour-granel-tarrina-125-g/R-prod270557/p,Orejón albaricoque ecologico Carrefour granel tarrina 125 g,"2,95 €",,"23,60 €/kg",,La Despensa,Aperitivos,Frutas Desecadas,https://static.carrefour.es/hd_510x_/img_pim_food/298305_00_1.jpg
https://www.carrefour.es/supermercado/barritas-de-chocolate-con-leche-y-crema-de-avellanas-kinder-bueno-8-unidades-de-43-g/R-VC4AECOMM-142109/p,Barritas de chocolate con leche y crema de avellanas Kinder Bueno 8 unidades de 43 g.,"6,95 €",,"20,20 €/kg",,La Despensa,Dulce,Bombones y Chocolates,https://static.carrefour.es/hd_510x_/img_pim_food/142109_00_1.jpg
https://www.carrefour.es/supermercado/salmorejo-seleccion-de-temporada-alvalle-900-ml/R-VC4AECOMM-766433/p,Salmorejo selección de temporada Alvalle 900 ml,"4,05 €",,"4,50 €/l",,La Despensa,"Conservas, Sopas y Precocinados",Gazpacho y Salmorejo,https://static.carrefour.es/hd_510x_/img_pim_food/766433_00_1.jpg
https://www.carrefour.es/supermercado/leche-desnatada-ecologica-puleva-brik-1-l/R-636602216/p,Leche desnatada ecológica Puleva brik 1 l.,"1,63 €",,"1,63 €/l",,La Despensa,Lácteos,Leche,https://static.carrefour.es/hd_510x_/img_pim_food/802806_00_1.jpg
https://www.carrefour.es/supermercado/panettone-de-frutas-clasico-carrefour-el-mercado-900-g/R-575702281/p,Panettone de frutas clásico Carrefour El Mercado 900 g,"6,79 €","5,85 €","7,54 €/kg","6,50 €/kg",Productos Frescos,Panadería Tradicional,Panettones,https://static.carrefour.es/hd_510x_/img_pim_food/790988_00_1.jpg
https://www.carrefour.es/supermercado/set-3-bayetas-antibacterias-microfibra-multiusos-bayeco-protech/R-VC4AECOMM-604908/p,Set 3 Bayetas Antibacterias Microfibra Multiusos BAYECO Protech,"5,35 €",,"1,78 €/ud",,Limpieza y Hogar,Utensilios de Limpieza,Bayetas Microfibra Atrapapolvo,https://static.carrefour.es/hd_510x_/img_pim_food/604908_00_1.jpg
https://www.carrefour.es/supermercado/caramelos-extra-fuertes-sin-azucar-halls-pack-de-2-unidades-de-32-g/R-VC4AECOMM-744201/p,Caramelos extra fuertes sin azúcar Halls pack de 2 unidades de 32 g.,"2,25 €",,"35,16 €/kg",,La Despensa,Dulce,Dulces y Golosinas,https://static.carrefour.es/hd_510x_/img_pim_food/744201_00_1.jpg
https://www.carrefour.es/supermercado/fideua-carrefour-500-g/R-544101804/p,Fideuá Carrefour 500 g.,"0,81 €",,"1,62 €/kg",,La Despensa,Alimentación,Pastas,https://static.carrefour.es/hd_510x_/img_pim_food/229667_00_1.jpg
https://www.carrefour.es/supermercado/vino-rosado-cune-do-rioja-75-cl/R-520662366/p,Cune Rosado 2023,"5,39 €",,"5,39 €/ud",,,,,https://static.carrefour.es/hd_510x_/img_pim_food/000185_00_1.jpg
https://www.carrefour.es/supermercado/flan-de-queso-mato-con-almendras-carrefour-sin-gluten-pack-de-4-unidades-de-100-g/R-VC4AECOMM-440989/p,Flan de queso mató con almendras Carrefour sin gluten pack de 4 unidades de 100 g.,"2,19 €",,"5,47 €/kg",,La Despensa,Yogures y Postres,Flanes,https://static.carrefour.es/hd_510x_/img_pim_food/440989_00_1.jpg
https://www.carrefour.es/supermercado/detergente-liquido-jazmin-fresco-y-lavanda-silvestre-ecologico-botanical-origin-35-lavados/R-VC4AECOMM-419037/p,Detergente líquido jazmín fresco y lavanda silvestre ecológico Botanical Origin 35 lavados.,"14,85 €",,"0,42 €/lavado",,Limpieza y Hogar,Cuidado de la Ropa,Detergentes,https://static.carrefour.es/hd_510x_/img_pim_food/419037_00_1.jpg
https://www.carrefour.es/supermercado/ambientador-mikado-fragancia-vainilla-y-coco-carrefour-essential-1-ud/R-VC4AECOMM-094963/p,Ambientador mikado fragancia vainilla y coco Carrefour Essential 1 ud.,"2,39 €",,"53,11 €/l",,Limpieza y Hogar,Ambientadores,Decorativos,https://static.carrefour.es/hd_510x_/img_pim_food/094963_00_1.jpg
https://www.carrefour.es/supermercado/hamburguesas-de-vacuno-anojo-circulo-de-calidad-2x150-g/R-VC4AECOMM-614396/p,Hamburguesas de Vacuno Añojo Círculo de Calidad 2x150 g,"3,69 €",,"12,30 €/kg",,Productos Frescos,Carnicería,Hamburguesas,https://static.carrefour.es/hd_510x_/img_pim_food/614396_00_1.jpg
https://www.carrefour.es/supermercado/licor-aperitivo-aperol-70-cl/R-VC4AECOMM-432352/p,Aperol Licores,"13,39 €",,"19,13 €/l",,Bebidas,Licores y Cremas,Licores y Orujo,https://static.carrefour.es/hd_510x_/img_pim_food/432352_00_1.jpg
https://www.carrefour.es/supermercado/pincho-de-tortilla-con-cebolla-palacios-sin-gluten-sin-lactosa-200-g/R-VC4AECOMM-003379/p,Pincho de tortilla con cebolla Palacios sin gluten sin lactosa 200 g.,"2,05 €",,"12,06 €/kg",,La Despensa,"Conservas, Sopas y Precocinados","Tortillas, Empanadillas y Sandwiches",https://static.carrefour.es/hd_510x_/img_pim_food/003379_00_1.jpg
https://www.carrefour.es/supermercado/enjuague-bucal-accion-antiplaca-bacteriana-con-fluor-frescor-intenso-triple-accion-licor-del-polo-500-ml/R-521000421/p,Enjuague bucal acción antiplaca bacteriana con flúor frescor intenso Triple Acción Licor del Polo 500 ml.,"5,59 €",,"1,12 €/100ml",,Perfumería e Higiene,Boca y Sonrisa,Enjuagues Bucales,https://static.carrefour.es/hd_510x_/img_pim_food/083605_00_1.jpg
https://www.carrefour.es/supermercado/perfume-para-la-ropa-en-perlas-vainilla-y-coco-essential-carrefour-275-g/R-VC4AECOMM-337734/p,Perfume para la ropa en perlas vainilla y coco Essential Carrefour 275 g.,"3,85 €",,"14,00 €/kg",,Limpieza y Hogar,Cuidado de la Ropa,Suavizantes,https://static.carrefour.es/hd_510x_/img_pim_food/337734_00_1.jpg
https://www.carrefour.es/supermercado/aperitivo-anisado-ricard-1-l/R-521028356/p,Aperitivo anisado Ricard 1 l.,"19,09 €",,"19,09 €/l",,Bebidas,Licores y Cremas,Anís y Chinchón,https://static.carrefour.es/hd_510x_/img_pim_food/000282_00_1.jpg
https://www.carrefour.es/supermercado/chorizo-iberico-palacios-sin-gluten-y-sin-lactosa-200-g/R-VC4AECOMM-709428/p,Chorizo Ibérico Palacios sin gluten y sin lactosa 200 g,"4,49 €",,"22,45 €/kg",,Productos Frescos,Charcutería,"Chorizo, Lomo y Otros",https://static.carrefour.es/hd_510x_/img_pim_food/709428_00_1.jpg
https://www.carrefour.es/supermercado/fregona-trenzada-carrefour-bicolor/R-prod810073/p,Fregona Trenzada CARREFOUR - Bicolor,"1,99 €",,"1,99 €/ud",,Limpieza y Hogar,Utensilios de Limpieza,Fregonas,https://static.carrefour.es/hd_510x_/img_pim_food/017896_00_1.jpg
https://www.carrefour.es/supermercado/calamar-1-kg-aprox/R-529921801/p,Calamar 1 kg aprox,"12,89 €",,"12,89 €/kg",,Productos Frescos,Pescadería,"Pulpo, Calamar y Sepia",https://static.carrefour.es/hd_510x_/img_pim_food/158851_00_1.jpg
https://www.carrefour.es/supermercado/lentejas-con-verduras-vegetal-litoral-si-gluten-425-g/R-757607345/p,Lentejas con verduras Vegetal Litoral si gluten 425 g.,"2,25 €",,"5,29 €/kg",,La Despensa,"Conservas, Sopas y Precocinados",Platos Tradicionales,https://static.carrefour.es/hd_510x_/img_pim_food/766686_00_1.jpg
https://www.carrefour.es/supermercado/surtido-de-galletas-el-autentico-cuetara-420-g/R-prod480104/p,Surtido de galletas El Auténtico Cuétara 420 g.,"6,15 €",,"14,64 €/kg",,La Despensa,Desayuno,Galletas,https://static.carrefour.es/hd_510x_/img_pim_food/828510_00_1.jpg
https://www.carrefour.es/supermercado/queso-le-tendre-creme-carrefour-250-g/R-VC4AECOMM-684038/p,Queso Le Tendre Créme Carrefour 250 g,"4,19 €",,"16,76 €/kg",,Productos Frescos,Quesos,Tierno,https://static.carrefour.es/hd_510x_/img_pim_food/684038_00_1.jpg
https://www.carrefour.es/supermercado/albahaca-carmencita-16-g/R-521005039/p,Albahaca Carmencita 16 g.,"2,15 €",,"134,37 €/kg",,La Despensa,Alimentación,Especias y Sazonadores,https://static.carrefour.es/hd_510x_/img_pim_food/002153_00_1.jpg
https://www.carrefour.es/supermercado/atun-claro-en-aceite-de-oliva-cuca-pack-de-3-latas-de-48-g/R-prod560002/p,Atún claro en aceite de oliva Cuca pack de 3 latas de 48 g.,"6,69 €",,"46,46 €/kg",,La Despensa,"Conservas, Sopas y Precocinados",Conservas de Pescado y Marisco,https://static.carrefour.es/hd_510x_/img_pim_food/043357_00_1.jpg
https://www.carrefour.es/supermercado/barrita-de-galleta-crujiente-cubierta-de-chocolate-nestle-kit-kat-10-ud/R-837617245/p,Barrita de galleta crujiente cubierta de chocolate Nestlé Kit Kat 10 ud.,"6,65 €",,"16,02 €/kg",,La Despensa,Dulce,Bombones y Chocolates,https://static.carrefour.es/hd_510x_/img_pim_food/966743_00_1.jpg
https://www.carrefour.es/supermercado/plantilla-desodorantes-carrefour-expert-1-par/R-521001082/p,Plantilla desodorantes Carrefour Expert 1 par.,"2,59 €",,"1,29 €/ud",,Limpieza y Hogar,Calzado,Plantillas de Calzado,https://static.carrefour.es/hd_510x_/img_pim_food/230058_00_1.jpg
https://www.carrefour.es/supermercado/complemento-alimenticio-detox-y-quemagrasas-aquilea-10-ud/R-prod500178/p,Complemento alimenticio detox y quemagrasas Aquilea 10 ud.,"13,25 €",,"10,60 €/100g",,Parafarmacia,Nutrición y Dietética,Complementos Vitamínicos,https://static.carrefour.es/hd_510x_/img_pim_food/831694_00_1.jpg
https://www.carrefour.es/supermercado/desodorante-en-spray-antitranspirante-original-proteccion-48h-0-dove-150-ml/R-VC4AECOMM-195350/p,Desodorante en spray antitranspirante original protección 48h 0% Dove 150 ml.,"4,19 €",,"2,79 €/100ml",,Perfumería e Higiene,Ofertas en Perfumería e Higiene,,https://static.carrefour.es/hd_510x_/img_pim_food/195350_00_1.jpg
https://www.carrefour.es/supermercado/leche-entera-carrefour-sin-lactosa-brik-1-l/R-847400344/p,Leche entera Carrefour sin lactosa brik 1 l.,"0,99 €",,"0,99 €/l
- 5,94 €/6 uds.",,La Despensa,Lácteos,Leche,https://static.carrefour.es/hd_510x_/img_pim_food/028412_00_1.jpg
https://www.carrefour.es/supermercado/muslitos-de-mar-carrefour-500-g/R-521031210/p,Muslitos de mar Carrefour 500 g.,"2,89 €",,"5,78 €/kg",,Congelados,Surimi Congelado,,https://static.carrefour.es/hd_510x_/img_pim_food/569232_00_1.jpg
https://www.carrefour.es/supermercado/leche-corporal-nutricion-intensa-aceite-de-almendras-dulces-pieles-secas-babaria-400-ml/R-VC4AECOMM-690707/p,Leche corporal nutrición intensa aceite de almendras dulces pieles secas Babaria 400 ml.,"2,79 €",,"0,70 €/100ml",,Perfumería e Higiene,Cuidado y Protección Corporal,"Body Milk, Hidratación Bajo la Ducha",https://static.carrefour.es/hd_510x_/img_pim_food/690707_00_1.jpg
https://www.carrefour.es/supermercado/mascarilla-capilar-revitalizante-resist-plus-con-arginina-cabellos-fragiles-science-les-cosmetiques-300-ml/R-prod1130368/p,Mascarilla capilar revitalizante Resist Plus con arginina cabellos frágiles Science Les Cosmétiques 300 ml.,"1,66 €",,"0,55 €/100ml",,Perfumería e Higiene,Cabello,Cuidado y Tratamientos del cabello,https://static.carrefour.es/hd_510x_/img_pim_food/180752_00_1.jpg
https://www.carrefour.es/supermercado/galletas-rellenas-doble-cacao-mega-duo-gullon-500-g/R-fprod1420034/p,Galletas rellenas doble cacao mega Dúo Gullón 500 g.,"2,65 €",,"5,30 €/kg",,La Despensa,Desayuno,Galletas,https://static.carrefour.es/hd_510x_/img_pim_food/366037_00_1.jpg
https://www.carrefour.es/supermercado/whisky-buchanans-escoces-deluxe-12-anos-1-l/R-595502101/p,Buchanans Deluxe Whisky,"49,90 €",,"49,90 €/l",,Bebidas,Alcoholes,Whisky y Bourbon,https://static.carrefour.es/hd_510x_/img_pim_food/623044_00_1.jpg
https://www.carrefour.es/supermercado/fiambre-de-york-sandwich-en-lonchas-carrefour-el-mercado-sin-gluten-300-g/R-VC4AECOMM-710699/p,Fiambre de York Sándwich en lonchas Carrefour El Mercado sin gluten 300 g,"1,99 €",,"6,63 €/kg",,Productos Frescos,Charcutería,Jamón Cocido y Lacón,https://static.carrefour.es/hd_510x_/img_pim_food/710699_00_1.jpg
https://www.carrefour.es/supermercado/yogur-desnatado-natural-con-stevia-pastoret-500-g/R-745416226/p,Yogur desnatado natural con stevia Pastoret 500 g.,"2,65 €",,"5,30 €/kg",,La Despensa,Yogures y Postres,Yogures Desnatados,https://static.carrefour.es/hd_510x_/img_pim_food/742083_00_1.jpg
https://www.carrefour.es/supermercado/cepillo-dental-cabezal-pequeno-medio-vitis-1-ud/R-590512304/p,Cepillo dental cabezal pequeño medio Vitis 1 ud.,"5,05 €",,"5,05 €/ud",,Parafarmacia,Higiene Bucal,Cepillos y Seda,https://static.carrefour.es/hd_510x_/img_pim_food/798944_00_1.jpg
https://www.carrefour.es/supermercado/queso-de-mezcla-curado-gran-capitan-cuna-ya-cortada-de-210-g/R-prod841629/p,Queso de mezcla curado Gran Capitán cuña ya cortada de 210 g,"6,62 €",,"31,52 €/kg",,Productos Frescos,Quesos,Curado,https://static.carrefour.es/hd_510x_/img_pim_food/712289_00_1.jpg
https://www.carrefour.es/supermercado/ron-bacardi-carta-blanca-70-cl/R-618404230/p,Ron Bacardí Carta blanca 70 cl.,"14,49 €",,"20,70 €/l",,Bebidas,Alcoholes,Ron,https://static.carrefour.es/hd_510x_/img_pim_food/148000_00_1.jpg
https://www.carrefour.es/supermercado/aceitunas-arbequinas-aperitivo-500-g/R-prod280740/p,Aceitunas arbequinas Aperitivo 500 g,"4,07 €",,"8,14 €/kg",,La Despensa,Aperitivos,Aceitunas y Encurtidos,https://static.carrefour.es/hd_510x_/img_pim_food/341257_00_1.jpg
https://www.carrefour.es/supermercado/yogur-de-proteinas-desnatado-natural-danone-yopro-sin-azucar-anadido-pack-de-2-unidades-de-160-g/R-fprod1190756/p,Yogur de proteínas desnatado natural Danone Yopro sin azúcar añadido pack de 2 unidades de 160 g.,"2,65 €",,"8,28 €/kg",,La Despensa,Yogures y Postres,Proteína,https://static.carrefour.es/hd_510x_/img_pim_food/249370_00_1.jpg
https://www.carrefour.es/supermercado/tagliatelle-carbonara-carrefour-300-g/R-526500984/p,Tagliatelle carbonara Carrefour 300 g.,"2,75 €",,"9,17 €/kg",,Congelados,Rebozados y Platos Preparados,,https://static.carrefour.es/hd_510x_/img_pim_food/100926_00_1.jpg
https://www.carrefour.es/supermercado/mini-burger-chicken-style-sensation-carrefour-sin-gluten-4-ud/R-VC4AECOMM-252292/p,Mini burger chicken style Sensation Carrefour sin gluten 4 ud.,"3,45 €",,"17,25 €/kg",,La Despensa,"Conservas, Sopas y Precocinados",Platos Preparados,https://static.carrefour.es/hd_510x_/img_pim_food/252292_00_1.jpg
https://www.carrefour.es/supermercado/champu-fortificante-aloe-hydra-bomb-hidrata-y-suaviza-garnier-fructis-360-g/R-prod650235/p,Champú fortificante Aloe Hydra Bomb hidrata y suaviza Garnier-Fructis 360 g.,"4,55 €",,"1,20 €/100ml",,Perfumería e Higiene,Cabello,Champús,https://static.carrefour.es/hd_510x_/img_pim_food/844582_00_1.jpg
https://www.carrefour.es/supermercado/papel-higienico-acolchado-scottex-9-rollos/R-521001203/p,Papel higiénico Acolchado Scottex 9 rollos.,"5,29 €",,"0,59 €/ud",,Limpieza y Hogar,Papel y Celulosa,Papel Higiénico,https://static.carrefour.es/hd_510x_/img_pim_food/739181_00_1.jpg
https://www.carrefour.es/supermercado/nata-para-montar-central-lechera-asturiana-sin-lactosa-200-ml/R-prod731376/p,Nata para montar Central Lechera Asturiana sin lactosa 200 ml.,"1,99 €",,"9,95 €/l",,La Despensa,Lácteos,Nata,https://static.carrefour.es/hd_510x_/img_pim_food/857294_00_1.jpg
https://www.carrefour.es/supermercado/chocolate-crujiente-crunch-nestle-sin-gluten-100-g/R-521004300/p,Chocolate crujiente Crunch Nestlé sin gluten 100 g.,"1,95 €",,"19,50 €/kg",,La Despensa,Dulce,Bombones y Chocolates,https://static.carrefour.es/hd_510x_/img_pim_food/001976_00_1.jpg
https://www.carrefour.es/supermercado/galletas-cookies-de-limon-con-chocolate-blanco-florbu-120-g/R-VC4AECOMM-724559/p,Galletas cookies de limón con chocolate blanco Florbú 120 g.,"1,37 €",,"11,42 €/kg",,La Despensa,Desayuno,Galletas,https://static.carrefour.es/hd_510x_/img_pim_food/724559_00_1.jpg
https://www.carrefour.es/supermercado/tallarines-carrefour-500-g/R-544101808/p,Tallarines Carrefour 500 g.,"0,78 €",,"1,56 €/kg",,La Despensa,Alimentación,Pastas,https://static.carrefour.es/hd_510x_/img_pim_food/229698_00_1.jpg
https://www.carrefour.es/supermercado/snacks-de-chifles-hojuelas-de-platano-con-sal-tortolines-105-g/R-754516363/p,Snacks de Chifles hojuelas de plátano con sal Tortolines 105 g.,"1,57 €",,"14,95 €/kg",,La Despensa,Aperitivos,Snacks,https://static.carrefour.es/hd_510x_/img_pim_food/763218_00_1.jpg
https://www.carrefour.es/supermercado/whisky-johnnie-walker-red-label-escoces-70-cl/R-521028333/p,Whisky Johnnie Walker Red Label escocés 70 cl,"14,89 €",,"21,27 €/l",,Bebidas,Alcoholes,Whisky y Bourbon,https://static.carrefour.es/hd_510x_/img_pim_food/000303_00_1.jpg
https://www.carrefour.es/supermercado/toallitas-pure-aqua-dodot-288-ud/R-VC4AECOMM-166164/p,Toallitas Pure Aqua Dodot 288 ud.,"20,90 €",,"0,07 €/ud",,Bebé,Pañales y Toallitas,Toallitas,https://static.carrefour.es/hd_510x_/img_pim_food/166164_00_1.jpg
https://www.carrefour.es/supermercado/galletas-banadas-con-chocolate-blanco-filipinos-artiach-128-g/R-760106518/p,Galletas bañadas con chocolate blanco Filipinos Artiach 128 g.,"1,40 €",,"10,94 €/kg",,La Despensa,Desayuno,Galletas,https://static.carrefour.es/hd_510x_/img_pim_food/768649_00_1.jpg
https://www.carrefour.es/supermercado/tarrito-guiso-verduras-con-merluza-desde-10-meses-hero-baby-pack-de-2-unidades-de-235-g/R-VC4AECOMM-025500/p,Tarrito guiso verduras con merluza desde 10 meses Hero Baby pack de 2 unidades de 235 g.,"4,09 €",,"8,70 €/kg",,Bebé,Alimentación infantil,Tarritos y Platos Preparados,https://static.carrefour.es/hd_510x_/img_pim_food/025500_00_1.jpg
https://www.carrefour.es/supermercado/agua-de-colonia-up2u-virtual-flow-les-cosmetiques-100-ml/R-VC4AECOMM-305930/p,Agua de colonia #UP2U Virtual Flow Les Cosmétiques 100 ml.,"8,95 €",,"8,95 €/100ml",,Perfumería e Higiene,Baño e Higiene Corporal,Colonias,https://static.carrefour.es/hd_510x_/img_pim_food/305930_00_1.jpg
https://www.carrefour.es/supermercado/tiramisu-con-mascarpone-cafe-y-cacao-zero4-sin-gluten-110-g/R-VC4AECOMM-173919/p,Tiramisú con mascarpone café y cacao Zero+4 sin gluten 110 g.,"2,75 €",,"25,00 €/kg",,La Despensa,Yogures y Postres,Otros Postres,https://static.carrefour.es/hd_510x_/img_pim_food/173919_00_1.jpg
https://www.carrefour.es/supermercado/harina-de-trigo-reposteria-gallo-1-kg/R-521005407/p,Harina de trigo repostería Gallo 1 kg.,"1,74 €",,"1,74 €/kg",,La Despensa,Dulce,Repostería,https://static.carrefour.es/hd_510x_/img_pim_food/033193_00_1.jpg
https://www.carrefour.es/supermercado/cepillo-de-dientes-medio-blanqueador-max-white-360-colgate-1-ud/R-818615192/p,Cepillo de dientes medio blanqueador Max White 360° Colgate 1 ud.,"4,69 €",,"4,69 €/ud",,Perfumería e Higiene,Boca y Sonrisa,"Cepillos, Recambios y Accesorios",https://static.carrefour.es/hd_510x_/img_pim_food/927281_00_1.jpg
https://www.carrefour.es/supermercado/tumaca-natural-con-aceite-de-oliva-carrefour-370-g/R-521005884/p,Tumaca natural con aceite de oliva Carrefour 370 g.,"1,91 €",,"5,16 €/kg",,La Despensa,"Conservas, Sopas y Precocinados",Conservas de Tomate,https://static.carrefour.es/hd_510x_/img_pim_food/752698_00_1.jpg
https://www.carrefour.es/supermercado/cocktail-de-frutos-secos-sin-cascara-frit-ravich-sin-gluten-300-g/R-615401744/p,Cocktail de frutos secos sin cáscara Frit Ravich sin gluten 300 g.,"2,95 €",,"9,83 €/kg",,La Despensa,Aperitivos,Frutos Secos,https://static.carrefour.es/hd_510x_/img_pim_food/639892_00_1.jpg
https://www.carrefour.es/supermercado/filete-atun-aleta-amarilla-congelado-marinado-petaca-chico-420-g-aprox/R-VC4AECOMM-230611/p,Filete atún aleta amarilla congelado marinado Petaca Chico 420 g aprox,"9,87 €",,"23,49 €/kg",,Productos Frescos,Pescadería,Pescado Fresco,https://static.carrefour.es/hd_510x_/img_pim_food/230611_00_1.jpg
https://www.carrefour.es/supermercado/espetec-casa-tarradellas-sin-gluten-pack-de-2-unidades-de-360-g/R-VC4AECOMM-698150/p,Espetec Casa Tarradellas sin gluten pack de 2 unidades de 360 g.,"5,09 €",,"14,14 €/kg",,Productos Frescos,Charcutería,"Salchichón, Salami y Fuet",https://static.carrefour.es/hd_510x_/img_pim_food/698150_00_1.jpg
https://www.carrefour.es/supermercado/crema-balsamico-al-pedro-ximenez-carrefour-250-ml/R-767407052/p,Crema balsámico al Pedro Ximénez Carrefour 250 ml.,"4,15 €",,"16,60 €/l",,La Despensa,Alimentación,Aceites y vinagres,https://static.carrefour.es/hd_510x_/img_pim_food/727397_00_1.jpg
https://www.carrefour.es/supermercado/whisky-dyc-70-cl/R-520662282/p,Whisky Dyc 70 cl.,"9,05 €",,"12,93 €/l",,Bebidas,Alcoholes,Whisky y Bourbon,https://static.carrefour.es/hd_510x_/img_pim_food/000298_00_1.jpg
https://www.carrefour.es/supermercado/queso-fresco-batido-desnatado-proteina-plus-sensation-carrefour-500-g/R-VC4AECOMM-422068/p,Queso fresco batido desnatado Proteína Plus Sensation Carrefour 500 g.,"1,38 €",,"2,76 €/kg",,Productos Frescos,Quesos,Todos los Quesos,https://static.carrefour.es/hd_510x_/img_pim_food/422068_00_1.jpg
https://www.carrefour.es/supermercado/canela-molida-carrefour-40-g/R-prod710289/p,Canela molida Carrefour 40 g.,"0,77 €",,"19,25 €/kg",,La Despensa,Alimentación,Especias y Sazonadores,https://static.carrefour.es/hd_510x_/img_pim_food/851264_00_1.jpg
https://www.carrefour.es/supermercado/apositos-gasa-algodon-20x20-cm-loto-caja-20-ud/R-590507732/p,Apósitos gasa algodón 20x20 cm. Loto caja 20 ud.,"1,36 €",,"0,07 €/ud",,Parafarmacia,Botiquín,Apósitos y Gasas,https://static.carrefour.es/hd_510x_/img_pim_food/541964_00_1.jpg
https://www.carrefour.es/supermercado/almeja-japonica-fresca-500-g/R-645501796/p,Almeja Japónica fresca 500 g,"8,79 €",,"17,58 €/kg",,Productos Frescos,Pescadería,"Marisco, Almejas y Mejillones",https://static.carrefour.es/hd_510x_/img_pim_food/815739_00_1.jpg
https://www.carrefour.es/supermercado/limpiahogar-amigo-de-las-mascotas-xanpa-1l/R-prod480171/p,Limpiahogar amigo de las mascotas Xanpa 1l.,"2,89 €",,"2,89 €/l",,Limpieza y Hogar,Productos para toda la casa,Limpiacristales y Multiusos,https://static.carrefour.es/hd_510x_/img_pim_food/828859_00_1.jpg
https://www.carrefour.es/supermercado/conchas-originales-codan-10-ud/R-538001814/p,Conchas originales Codan 10 ud.,"3,59 €",,"6,53 €/kg",,La Despensa,"Panaderia, Bollería y Pastelería",Bollería,https://static.carrefour.es/hd_510x_/img_pim_food/057560_00_1.jpg
https://www.carrefour.es/supermercado/vino-blanco-godello-catacrack-do-monterrei-75-cl/R-VC4AECOMM-476155/p,Vino blanco godello Catacrack D.O. Monterrei 75 cl.,"6,29 €",,"6,29 €/ud",,Bebidas,Vinos,Blanco,https://static.carrefour.es/hd_510x_/img_pim_food/476155_00_1.jpg
https://www.carrefour.es/supermercado/caramelos-extra-fuerte-mentolin-115-g/R-792742818/p,Caramelos Extra Fuerte Mentolin 115 g.,"2,35 €",,"20,43 €/kg",,La Despensa,Dulce,Dulces y Golosinas,https://static.carrefour.es/hd_510x_/img_pim_food/890611_00_1.jpg
https://www.carrefour.es/supermercado/harina-de-trigo-espelta-integral-gallo-nature-1-kg/R-prod1160911/p,Harina de trigo espelta integral Gallo Nature 1 kg.,"2,74 €",,"2,74 €/kg",,La Despensa,Alimentación,Harinas y Levaduras,https://static.carrefour.es/hd_510x_/img_pim_food/208991_00_1.jpg
https://www.carrefour.es/supermercado/muslo-de-pollo-campero-circulo-de-calidad-600-g-aprox/R-prod460405/p,Muslo de pollo campero Círculo de Calidad 600 g aprox,"5,21 €",,"8,69 €/kg",,Productos Frescos,Carnicería,Aves y Pollo,https://static.carrefour.es/hd_510x_/img_pim_food/826986_00_1.jpg
https://www.carrefour.es/supermercado/caldo-natural-de-cocido-madrileno-aneto-sin-gluten-y-sin-lactosa-brik-1-l/R-prod1022512/p,Caldo natural de cocido madrileño Aneto sin gluten y sin lactosa brik 1 l.,"4,75 €",,"4,75 €/l",,La Despensa,"Conservas, Sopas y Precocinados","Caldos, Sopas y Pure",https://static.carrefour.es/hd_510x_/img_pim_food/098590_00_1.jpg
https://www.carrefour.es/supermercado/agua-de-colonia-fragancia-original-con-menos-alcohol-nenuco-1100-ml/R-VC4AECOMM-225765/p,Agua de colonia fragancia original con menos alcohol Nenuco 1100 ml.,"6,29 €",,"0,57 €/100ml",,Bebé,Perfumería e Higiene,Colonia,https://static.carrefour.es/hd_510x_/img_pim_food/225765_00_1.jpg
https://www.carrefour.es/supermercado/detergente-en-capsulas-limpieza-profunda-higiene-antiolores-wipp-express-55-lavados/R-VC4AECOMM-281434/p,Detergente en cápsulas limpieza profunda higiene antiolores Wipp Express 55 lavados.,"23,60 €",,"0,43 €/lavado",,Limpieza y Hogar,Cuidado de la Ropa,Detergentes,https://static.carrefour.es/hd_510x_/img_pim_food/281434_00_1.jpg
https://www.carrefour.es/supermercado/fingers-vegetal-sabor-pollo-sensation-carrefour-275-g/R-VC4AECOMM-010377/p,Fingers vegetal sabor pollo Sensation Carrefour 275 g.,"3,49 €",,"12,69 €/kg",,Congelados,Rebozados y Platos Preparados,,https://static.carrefour.es/hd_510x_/img_pim_food/010377_00_1.jpg
https://www.carrefour.es/supermercado/tomate-frito-con-chili-picante-orlando-brik-350-g/R-VC4AECOMM-494122/p,Tomate frito con chili picante Orlando brik 350 g.,"1,45 €",,"4,14 €/kg",,La Despensa,Alimentación,Salsas y Tomate Frito,https://static.carrefour.es/hd_510x_/img_pim_food/494122_00_1.jpg
https://www.carrefour.es/supermercado/preparado-lacteo-infantil-con-triptofano-puleva-peques-sin-gluten-sin-lactosa-y-sin-azucar-anadido-brik-1-l/R-VC4AECOMM-360149/p,"Preparado lácteo infantil con triptófano Puleva Peques sin gluten, sin lactosa y sin azúcar añadido brik 1 l.","2,15 €",,"2,15 €/l",,Bebé,Alimentación infantil,Leches Infantiles,https://static.carrefour.es/hd_510x_/img_pim_food/360149_00_1.jpg
https://www.carrefour.es/supermercado/recambio-de-lima-pedicura-dytas-2-ud/R-VC4AECOMM-431992/p,Recambio de lima pedicura Dytas 2 ud.,"4,35 €",,"4,35 €/ud",,Perfumería e Higiene,Cosmética,Accesorios de Maquillaje y Manicura y Pedicura,https://static.carrefour.es/hd_510x_/img_pim_food/431992_00_1.jpg
https://www.carrefour.es/supermercado/quesadilla-cheddar-jalapeno-con-tortitas-de-maiz-don-pancho-260-g/R-prod1130558/p,Quesadilla cheddar jalapeño con tortitas de maíz Don Pancho 260 g.,"4,85 €",,"18,65 €/kg",,Congelados,Rebozados y Platos Preparados,,https://static.carrefour.es/hd_510x_/img_pim_food/188277_00_1.jpg
https://www.carrefour.es/supermercado/cafe-soluble-cappuccino-descafeinado-nescafe-gold-250-g/R-526517587/p,Café soluble cappuccino descafeinado Nescafé Gold 250 g.,"4,89 €",,"19,56 €/kg",,La Despensa,Desayuno,Cafés,https://static.carrefour.es/hd_510x_/img_pim_food/611457_00_1.jpg
https://www.carrefour.es/supermercado/cerveza-mahou-sin-alcohol-pack-de-6-botellas-de-25-cl/R-521011819/p,Cerveza Mahou sin alcohol pack de 6 botellas de 25 cl.,"3,09 €",,"2,06 €/l",,Bebidas,Cerveza,Sin Alcohol,https://static.carrefour.es/hd_510x_/img_pim_food/000166_00_1.jpg
https://www.carrefour.es/supermercado/filete-de-1b-anojo-circulo-de-calidad-450-g-aprox/R-prod1070080/p,Filete de 1ªB Añojo Círculo de Calidad 450 g aprox,"17,39 €",,"17,39 €/kg",,Productos Frescos,Carnicería,Vacuno,https://static.carrefour.es/hd_510x_/img_pim_food/126604_00_1.jpg
https://www.carrefour.es/supermercado/papilla-infantil-desde-5-meses-8-cereales-blevit-sin-azucar-anadido-500-g/R-VC4AECOMM-324643/p,Papilla infantil desde 5 meses 8 cereales Blevit sin azúcar añadido 500 g.,"10,55 €",,"21,10 €/kg",,Parafarmacia,Bebé,Papillas y Galletas,https://static.carrefour.es/hd_510x_/img_pim_food/324643_00_1.jpg
https://www.carrefour.es/supermercado/aguardiente-antioqueno-sin-azucar-1-l/R-830917726/p,Aguardiente Antioqueño sin azúcar 1 l.,"16,19 €",,"16,19 €/l",,Bebidas,Licores y Cremas,Licores y Orujo,https://static.carrefour.es/hd_510x_/img_pim_food/966426_00_1.jpg
https://www.carrefour.es/supermercado/infusion-ayurvedica-de-hierbas-con-cardamomo-hinojo-y-jengibre-en-bolsitas-ecologica-yogi-tea-17-ud/R-VC4AECOMM-294742/p,"Infusión ayurvédica de hierbas con cardamomo, hinojo y jengibre en bolsitas ecológica Yogi Tea 17 ud.","4,49 €",,"149,67 €/kg",,La Despensa,Desayuno,Infusiones y Tés,https://static.carrefour.es/hd_510x_/img_pim_food/294742_00_1.jpg
https://www.carrefour.es/supermercado/mostaza-de-dijon-maille-tarro-215-g/R-521029219/p,Mostaza de Dijón Maille tarro 215 g.,"4,05 €",,"18,84 €/kg",,La Despensa,Alimentación,Salsas y Tomate Frito,https://static.carrefour.es/hd_510x_/img_pim_food/002263_00_1.jpg
https://www.carrefour.es/supermercado/esparrago-blaco-muy-grueso-de-navarra-de-nuestra-tierra-220-g/R-VC4AECOMM-431424/p,Esparrago blaco muy grueso de Navarra De Nuestra Tierra 220 g.,"6,45 €",,"29,32 €/kg",,La Despensa,"Conservas, Sopas y Precocinados",Conservas de Vegetales,https://static.carrefour.es/hd_510x_/img_pim_food/431424_00_1.jpg
https://www.carrefour.es/supermercado/queso-mini-de-cabra-servilleta-carrefour-400-g/R-VC4AECOMM-679681/p,Queso mini de cabra servilleta Carrefour 400 g,"9,78 €",,"23,01 €/kg",,Productos Frescos,Quesos,Curado,https://static.carrefour.es/hd_510x_/img_pim_food/679681_00_1.jpg
https://www.carrefour.es/supermercado/chocolate-con-leche-y-avellanas-enteras-milka-mmmax-270-g/R-526510635/p,Chocolate con leche y avellanas enteras Milka Mmmax 270 g.,"4,29 €",,"15,89 €/kg",,La Despensa,Dulce,Bombones y Chocolates,https://static.carrefour.es/hd_510x_/img_pim_food/036298_00_1.jpg
https://www.carrefour.es/supermercado/crema-de-cacao-con-avellanas-nutella-sin-gluten-200-g/R-546306360/p,Crema de cacao con avellanas Nutella sin gluten 200 g.,"2,85 €",,"14,25 €/kg",,La Despensa,Dulce,"Cremas de Cacao, Avellana y Cacahuete",https://static.carrefour.es/hd_510x_/img_pim_food/230739_00_1.jpg
https://www.carrefour.es/supermercado/pasta-spaghetti-pasta-fina-gallo-400-g/R-728216211/p,Pasta spaghetti pasta fina Gallo 400 g.,"1,53 €",,"3,83 €/kg",,La Despensa,Alimentación,Pastas,https://static.carrefour.es/hd_510x_/img_pim_food/671070_00_1.jpg
https://www.carrefour.es/supermercado/chocolate-con-leche-relleno-de-caramelo-milka-100-g/R-530363028/p,Chocolate con leche relleno de caramelo Milka 100 g.,"1,55 €",,"15,50 €/kg",,,,,https://static.carrefour.es/hd_510x_/img_pim_food/159039_00_1.jpg
https://www.carrefour.es/supermercado/bocados-vegetal-estilo-asiatico-carrefour-sensation-sin-gluten-180-g/R-VC4AECOMM-318717/p,Bocados Vegetal estilo Asiático Carrefour Sensation sin gluten 180 g.,"3,89 €",,"21,61 €/kg",,La Despensa,"Conservas, Sopas y Precocinados",Masa Fresca y Bases,https://static.carrefour.es/hd_510x_/img_pim_food/318717_00_1.jpg
https://www.carrefour.es/supermercado/tonica-schweppes-pink-zero-lata-25-cl/R-VC4AECOMM-398619/p,Tónica Schweppes pink zero lata 25 cl.,"0,93 €",,"3,72 €/l",,Bebidas,Refrescos,Tónica,https://static.carrefour.es/hd_510x_/img_pim_food/398619_00_1.jpg
https://www.carrefour.es/supermercado/gel-de-ducha-emoliente-sin-jabon-piel-atopica-mussvital-dermactive-750-ml/R-prod231356/p,Gel de ducha emoliente sin jabón piel atópica Mussvital Dermactive 750 ml.,"13,09 €",,"1,75 €/100ml",,Parafarmacia,Cuidado corporal,Jabones y Geles,https://static.carrefour.es/hd_510x_/img_pim_food/284507_00_1.jpg
https://www.carrefour.es/supermercado/tinte-creme-n-8-rubio-claro-loreal-excellence-1-ud/R-521007985/p,Tinte creme nº 8 Rubio Claro L'Oréal Excellence 1 ud.,"8,89 €",,"8,89 €/ud",,Perfumería e Higiene,Cabello,Tinte,https://static.carrefour.es/hd_510x_/img_pim_food/000962_00_1.jpg
https://www.carrefour.es/supermercado/leche-de-cabra-entera-ecologica-cantero-de-letur-botella-1-l/R-prod690145/p,Leche de cabra entera ecológica Cantero de Letur botella 1 l.,"5,60 €",,"5,60 €/l",,La Despensa,Lácteos,Leche,https://static.carrefour.es/hd_510x_/img_pim_food/848050_00_1.jpg
https://www.carrefour.es/supermercado/salsa-quesos-italianos-rana-tarro-180-g/R-803482543/p,Salsa quesos italianos Rana tarro 180 g.,"2,55 €",,"14,17 €/kg",,La Despensa,Alimentación,Salsas y Tomate Frito,https://static.carrefour.es/hd_510x_/img_pim_food/911201_00_1.jpg
https://www.carrefour.es/supermercado/crema-de-manos-hidratante-carrefour-30-ml/R-prod820264/p,Crema de manos hidratante Carrefour 30 ml.,"1,20 €",,"4,00 €/100ml",,Perfumería e Higiene,Cuidado y Protección Corporal,Productos para Viaje,https://static.carrefour.es/hd_510x_/img_pim_food/264676_00_1.jpg
https://www.carrefour.es/supermercado/champu-hidrata-purifica-con-acido-hialuronico-arcilla-blanca-limpia-y-purifica-el-cabello-graso-e-hidrata-tresemme-685-ml/R-VC4AECOMM-479924/p,Champú hidrata & purifica con ácido hialurónico & arcilla blanca limpia y purifica el cabello graso e hidrata Tresemmé 685 ml.,"5,69 €",,"0,83 €/100ml",,Perfumería e Higiene,Cabello,Champús,https://static.carrefour.es/hd_510x_/img_pim_food/479924_00_1.jpg
https://www.carrefour.es/supermercado/spray-elimina-piojos-y-liendres-fullmarks-150-ml/R-808943668/p,Spray Elimina Piojos y Liendres Fullmarks 150 ml,"30,90 €",,"23,77 €/100ml",,Parafarmacia,Cabello,Antiparasitarios,https://static.carrefour.es/hd_510x_/img_pim_food/906136_00_1.jpg
https://www.carrefour.es/supermercado/vino-blanco-joven-verdejo-jose-pariente-do-rueda-75-cl/R-729511500/p,Jose Pariente Verdejo Blanco 2023,"10,89 €",,"10,89 €/ud",,Bebidas,Vinos,Blanco,https://static.carrefour.es/hd_510x_/img_pim_food/677348_00_1.jpg
https://www.carrefour.es/supermercado/arroz-redondo-para-microondas-nomen-sin-gluten-pack-de-2-unidades-de-200-g/R-VC4AECOMM-009574/p,Arroz redondo para microondas Nomen sin gluten pack de 2 unidades de 200 g.,"2,69 €",,"6,72 €/kg",,La Despensa,Alimentación,Arroz y Cous Cous,https://static.carrefour.es/hd_510x_/img_pim_food/009574_00_1.jpg
https://www.carrefour.es/supermercado/filetes-de-anchoa-en-aceite-de-oliva-carrefour-30-g/R-521029304/p,Filetes de anchoa en aceite de oliva Carrefour 30 g.,"1,29 €",,"43,00 €/kg",,La Despensa,"Conservas, Sopas y Precocinados",Conservas de Pescado y Marisco,https://static.carrefour.es/hd_510x_/img_pim_food/231483_00_1.jpg
https://www.carrefour.es/supermercado/agua-mineral-natural-cabreiroa-tapon-deportivo-50-cl/R-prod810533/p,Agua mineral natural Cabreiroá tapón deportivo 50 cl.,"0,71 €",,"1,42 €/l
- 4,26 €/6 uds.",,Bebidas,Aguas y Zumos,"Agua hasta 0,75 litros",https://static.carrefour.es/hd_510x_/img_pim_food/183428_00_1.jpg
https://www.carrefour.es/supermercado/tarrito-multifrutas-con-mango-desde-4-meses-ecologico-smileat-sin-gluten-130-g/R-prod395452/p,Tarrito multifrutas con mango desde 4 meses ecológico Smileat sin gluten 130 g.,"1,91 €",,"14,69 €/kg",,Bebé,Alimentación infantil,Tarritos y Platos Preparados,https://static.carrefour.es/hd_510x_/img_pim_food/497349_00_1.jpg
https://www.carrefour.es/supermercado/bombones-de-chocolate-con-leche-lindt-lindor-337-g/R-fprod1410162/p,Bombones de chocolate con leche Lindt Lindor 337 g.,"11,89 €",,"35,28 €/kg",,,,,https://static.carrefour.es/hd_510x_/img_pim_food/363309_00_1.jpg
https://www.carrefour.es/supermercado/surtido-de-mazapan-300-g/R-631702088/p,Surtido de mazapán 300 g,"5,99 €",,"17,62 €/kg",,Productos Frescos,Panadería Tradicional,Bollería Tradicional,https://static.carrefour.es/hd_510x_/img_pim_food/791174_00_1.jpg
https://www.carrefour.es/supermercado/zumo-de-naranja-limon-y-zanahoria-carrefour-brik-1-l/R-784208965/p,"Zumo de naranja, limón y zanahoria Carrefour brik 1 l.","0,99 €",,"0,99 €/l",,Bebidas,Aguas y Zumos,Zumos no Refrigerados,https://static.carrefour.es/hd_510x_/img_pim_food/870674_00_1.jpg
https://www.carrefour.es/supermercado/champu-anticaspa-revitalizante-cuero-cabelludo-seco-y-pelo-fragil-derma-x-pro-hs-300-ml/R-VC4AECOMM-104288/p,Champú anticaspa revitalizante cuero cabelludo seco y pelo frágil Derma X PRO H&S 300 ml.,"4,89 €",,"1,63 €/100ml",,Perfumería e Higiene,Cabello,Champús,https://static.carrefour.es/hd_510x_/img_pim_food/104288_00_1.jpg
https://www.carrefour.es/supermercado/tostadas-de-arroz-y-maiz-classic-carrefour-sin-gluten-y-sin-lactosa-100-g/R-VC4AECOMM-133976/p,Tostadas de arroz y maíz Classic Carrefour sin gluten y sin lactosa 100 g.,"1,45 €",,"14,50 €/kg",,La Despensa,"Panaderia, Bollería y Pastelería","Pan tostado, Biscottes y Barritas",https://static.carrefour.es/hd_510x_/img_pim_food/133976_00_1.jpg
https://www.carrefour.es/supermercado/mosto-greip-blanco-botella-1-l/R-530363202/p,Mosto Greip blanco botella 1 l.,"2,95 €",,"2,95 €/l",,Bebidas,Aguas y Zumos,Zumos no Refrigerados,https://static.carrefour.es/hd_510x_/img_pim_food/162741_00_1.jpg
https://www.carrefour.es/supermercado/empanado-garden-gourmet-180-g/R-prod850215/p,Empanado Garden Gourmet 180 g.,"3,29 €",,"18,28 €/kg",,Congelados,Rebozados y Platos Preparados,,https://static.carrefour.es/hd_510x_/img_pim_food/377301_00_1.jpg
https://www.carrefour.es/supermercado/tonica-nordic-mist-lata-25-cl/R-520660436/p,Tónica Nordic Mist lata 25 cl.,"0,65 €",,"2,60 €/l
- 5,20 €/8 uds.",,Bebidas,Refrescos,Tónica,https://static.carrefour.es/hd_510x_/img_pim_food/362233_00_1.jpg
https://www.carrefour.es/supermercado/frijoles-negros-la-costena-580/R-prod260116/p,Frijoles negros La Costeña 580,"3,05 €",,"10,52 €/kg",,La Despensa,"Conservas, Sopas y Precocinados",Platos Preparados,https://static.carrefour.es/hd_510x_/img_pim_food/033244_00_1.jpg
https://www.carrefour.es/supermercado/snack-liquido-con-salmon-y-omega-3-para-gato-vitakraft-6x15-g/R-prod272195/p,Snack líquido con salmón y omega 3 para gato Vitakraft 6x15 g.,"2,49 €",,"0,42 €/ud",,Mascotas,Gatos,Premios y Snacks,https://static.carrefour.es/hd_510x_/img_pim_food/306948_00_1.jpg
https://www.carrefour.es/supermercado/picantones-rusticos-frescos-circulo-de-calidad-1-kg-aprox/R-prod301512/p,Picantones Rústicos Frescos Círculo de Calidad 1 kg aprox,"5,52 €",,"9,20 €/kg",,Productos Frescos,Carnicería,Aves y Pollo,https://static.carrefour.es/hd_510x_/img_pim_food/359072_00_1.jpg
https://www.carrefour.es/supermercado/alcohol-96-perfumado-en-spray-limpiador-superficies-expert-carrefour-100-ml/R-VC4AECOMM-614498/p,Alcohol 96% perfumado en spray limpiador superficies Expert Carrefour 100 ml.,"1,24 €",,"1,24 €/100ml",,Limpieza y Hogar,Productos para toda la casa,Limpiacristales y Multiusos,https://static.carrefour.es/hd_510x_/img_pim_food/614498_00_1.jpg
https://www.carrefour.es/supermercado/serum-antiedad-reafirmante-retinol-boost-neutrogena-30-ml/R-VC4AECOMM-189373/p,Sérum antiedad reafirmante Retinol Boost Neutrogena 30 ml.,"31,60 €",,"105,33 €/100ml",,Parafarmacia,Cuidado e higiene facial,Cremas faciales,https://static.carrefour.es/hd_510x_/img_pim_food/189373_00_1.jpg
https://www.carrefour.es/supermercado/papel-de-cocina-resistente-jumbo-roll-carrefour-1-rollo/R-prod590663/p,Papel de cocina resistente Jumbo Roll Carrefour 1 rollo.,"3,65 €",,"3,65 €/ud",,Limpieza y Hogar,Papel y Celulosa,Papel Cocina y Multiusos,https://static.carrefour.es/hd_510x_/img_pim_food/839977_00_1.jpg
https://www.carrefour.es/supermercado/sardinas-al-limon-cuca-85-g/R-fprod1350161/p,Sardinas al limón Cuca 85 g.,"3,09 €",,"36,35 €/kg",,La Despensa,"Conservas, Sopas y Precocinados",Conservas de Pescado y Marisco,https://static.carrefour.es/hd_510x_/img_pim_food/337343_00_1.jpg
https://www.carrefour.es/supermercado/alubia-blanca-cocida-ecologica-pedro-luis-425-g/R-795411365/p,Alubia blanca cocida ecológica Pedro Luis 425 g.,"3,49 €",,"6,98 €/kg",,La Despensa,Alimentación,Legumbres,https://static.carrefour.es/hd_510x_/img_pim_food/895971_00_1.jpg
https://www.carrefour.es/supermercado/crema-liquida-autobrillante-marron-carrefour-50-ml/R-613004226/p,Crema liquida autobrillante marrón Carrefour 50 ml.,"0,95 €",,"19,00 €/l",,Limpieza y Hogar,Calzado,Limpiador Líquido,https://static.carrefour.es/hd_510x_/img_pim_food/360630_00_1.jpg
https://www.carrefour.es/supermercado/salsa-wok-kikkoman-botella-250-ml/R-636602166/p,Salsa Wok Kikkoman botella 250 ml.,"5,89 €",,"23,56 €/l",,La Despensa,Alimentación,Salsas y Tomate Frito,https://static.carrefour.es/hd_510x_/img_pim_food/728434_00_1.jpg
https://www.carrefour.es/supermercado/chocolate-con-leche-sin-azucar-anadido-lindt-sin-gluten-100-g/R-836507135/p,Chocolate con leche sin azúcar añadido Lindt sin gluten 100 g.,"3,79 €",,"37,90 €/kg",,La Despensa,Dulce,Bombones y Chocolates,https://static.carrefour.es/hd_510x_/img_pim_food/973187_00_1.jpg
https://www.carrefour.es/supermercado/queso-semicurado-ya-cortado-garcia-baquero-cuna-225-g/R-VC4AECOMM-681551/p,Queso semicurado ya cortado García Baquero cuña 225 g,"4,48 €",,"19,91 €/kg",,Productos Frescos,Quesos,Semicurado,https://static.carrefour.es/hd_510x_/img_pim_food/681551_00_1.jpg
https://www.carrefour.es/supermercado/pan-dulce-schar-sin-gluten-y-sin-lactosa-200-g/R-651303643/p,Pan dulce Schär sin gluten y sin lactosa 200 g.,"3,35 €",,"16,75 €/kg",,La Despensa,"Panaderia, Bollería y Pastelería",Especialidades de pan,https://static.carrefour.es/hd_510x_/img_pim_food/815252_00_1.jpg
https://www.carrefour.es/supermercado/vino-tinto-reserva-gran-vendema-doca-rioja75-cl/R-prod890170/p,Vino tinto reserva Gran Vendema D.O.Ca. Rioja75 cl.,"6,25 €",,"6,25 €/ud",,Bebidas,Vinos,Tinto,https://static.carrefour.es/hd_510x_/img_pim_food/035928_00_1.jpg
https://www.carrefour.es/supermercado/pure-de-patatas-maggi-sin-gluten-230-g/R-521005869/p,Puré de patatas Maggi sin gluten 230 g.,"2,55 €",,"11,09 €/kg",,La Despensa,"Conservas, Sopas y Precocinados","Caldos, Sopas y Pure",https://static.carrefour.es/hd_510x_/img_pim_food/002382_00_1.jpg
https://www.carrefour.es/supermercado/bogavante-crudo-chef-del-mar-400-g-aprox/R-564701501/p,Bogavante crudo Chef del Mar 400 g aprox,"13,99 €","12,95 €","34,97 €/kg","32,37 €/kg",Congelados,Mariscos Congelados,,https://static.carrefour.es/hd_510x_/img_pim_food/113929_00_1.jpg
https://www.carrefour.es/supermercado/locion-urea-repair-plus-eucerin-1l/R-prod1020221/p,Loción urea repair plus Eucerin 1l.,"28,30 €",,"2,83 €/100ml",,Parafarmacia,Cuidado corporal,Cremas y Lociones,https://static.carrefour.es/hd_510x_/img_pim_food/094830_00_1.jpg
https://www.carrefour.es/supermercado/vino-blanco-de-mesa-don-simon-brik-1-l/R-520661418/p,Vino blanco de mesa Don Simón brik 1 l.,"1,60 €",,"1,60 €/l",,,,,https://static.carrefour.es/hd_510x_/img_pim_food/000174_00_1.jpg
https://www.carrefour.es/supermercado/palitos-de-pan-con-semillas-de-girasol-sesamo-y-lino-carrefour-pack-de-2x90-g/R-fprod1230236/p,"Palitos de pan con semillas de girasol, sésamo y lino Carrefour pack de 2x90 g.","1,99 €",,"11,06 €/kg",,La Despensa,"Panaderia, Bollería y Pastelería","Pan tostado, Biscottes y Barritas",https://static.carrefour.es/hd_510x_/img_pim_food/290238_00_1.jpg
https://www.carrefour.es/supermercado/queso-rallado-para-pizza-bredam-15-kg/R-VC4AECOMM-324435/p,"Queso rallado para pizza Bredam 1,5 kg","7,95 €",,"5,30 €/kg",,Productos Frescos,Quesos,Todos los Quesos,https://static.carrefour.es/hd_510x_/img_pim_food/324435_00_1.jpg
https://www.carrefour.es/supermercado/limpiador-antical-liquido-viakal-clasico-750-ml/R-521028538/p,Limpiador antical líquido Viakal Clásico 750 ml.,"4,95 €",,"6,60 €/l",,Limpieza y Hogar,Productos para Baño,Limpiadores Antical Baño,https://static.carrefour.es/hd_510x_/img_pim_food/527127_00_1.jpg
https://www.carrefour.es/supermercado/rosca-de-aldan-500-g/R-VC4AECOMM-081352/p,Rosca de Aldan 500 g,"2,30 €",,"4,60 €/kg",,Productos Frescos,Panadería Tradicional,Pan Tradicional,https://static.carrefour.es/hd_510x_/img_pim_food/081352_00_1.jpg
https://www.carrefour.es/supermercado/suavizante-concentrado-azul-80-lavados/R-prod580052/p,Suavizante concentrado azul 80 lavados.,"1,65 €",,"0,02 €/lavado",,Limpieza y Hogar,Cuidado de la Ropa,Suavizantes,https://static.carrefour.es/hd_510x_/img_pim_food/837610_00_1.jpg
https://www.carrefour.es/supermercado/pure-de-patatas-con-queso-y-finas-hierbas-carrefour-105-g/R-546306022/p,Puré de patatas con queso y finas hierbas Carrefour 105 g.,"1,33 €",,"12,67 €/kg",,La Despensa,"Conservas, Sopas y Precocinados","Caldos, Sopas y Pure",https://static.carrefour.es/hd_510x_/img_pim_food/109027_00_1.jpg
https://www.carrefour.es/supermercado/pimenton-dulce-ecologico-carrefour-bio-38-g/R-530913242/p,Pimentón dulce ecológico Carrefour Bio 38 g.,"2,35 €",,"61,84 €/kg",,La Despensa,Alimentación,Especias y Sazonadores,https://static.carrefour.es/hd_510x_/img_pim_food/496587_00_1.jpg
https://www.carrefour.es/supermercado/galleta-con-chocolate-negro-lotus-biscoff-162-gr/R-VC4AECOMM-170326/p,Galleta con chocolate negro Lotus Biscoff 162 gr.,"2,55 €",,"15,74 €/kg",,La Despensa,Desayuno,Galletas,https://static.carrefour.es/hd_510x_/img_pim_food/170326_00_1.jpg
https://www.carrefour.es/supermercado/champu-nutri-suavizante-cabello-rebelde-science-les-cosmetiques-400-ml/R-657701707/p,Champú nutri-suavizante cabello rebelde Science Les Cosmétiques 400 ml.,"1,58 €",,"0,39 €/100ml",,Perfumería e Higiene,Cabello,Champús,https://static.carrefour.es/hd_510x_/img_pim_food/309816_00_1.jpg
https://www.carrefour.es/supermercado/leche-condensada-desnatada-carrefour-450-g/R-521003213/p,Leche condensada desnatada Carrefour 450 g.,"2,59 €",,"5,76 €/kg",,La Despensa,Lácteos,"Leche Condensada, Evaporada y en Polvo",https://static.carrefour.es/hd_510x_/img_pim_food/635015_00_1.jpg
https://www.carrefour.es/supermercado/crema-hidratante-corporal-cerave-340-g/R-VC4AECOMM-610208/p,Crema hidratante corporal Cerave 340 g.,"12,59 €",,"3,70 €/100ml",,Parafarmacia,Cuidado corporal,Cremas y Lociones,https://static.carrefour.es/hd_510x_/img_pim_food/610208_00_1.jpg
https://www.carrefour.es/supermercado/paleta-de-cebo-iberica-50-raza-iberica-semideshuesada-circulo-de-calidad-pieza-45-kg-aprox/R-522715223/p,"Paleta de Cebo Ibérica 50% Raza Ibérica semideshuesada Círculo de Calidad pieza 4,5 kg aprox","75,00 €",,"16,67 €/kg",,Productos Frescos,Charcutería,Jamón serrano e ibérico Pieza,https://static.carrefour.es/hd_510x_/img_pim_food/791580_00_1.jpg
https://www.carrefour.es/supermercado/carne-de-mejillon-cocido-80-120-classic-carrefour-400-g/R-522714764/p,Carne de Mejillon cocido 80/120 Classic´ Carrefour 400 g.,"3,45 €",,"8,62 €/kg",,Congelados,Pescados Congelados,,https://static.carrefour.es/hd_510x_/img_pim_food/278930_00_1.jpg
https://www.carrefour.es/supermercado/gambon-n3-carrefour-2-kg-aprox/R-525888011/p,Gambón nº3 Carrefour 2 kg aprox,"19,90 €",,"19,90 €/ud",,Congelados,Mariscos Congelados,,https://static.carrefour.es/hd_510x_/img_pim_food/041747_00_1.jpg
https://www.carrefour.es/supermercado/papaya-cubos-deshidratada-carrefour-tarrina-350-g/R-prod1070666/p,Papaya cubos deshidratada Carrefour tarrina 350 g,"2,96 €",,"8,46 €/kg",,La Despensa,Aperitivos,Frutas Desecadas,https://static.carrefour.es/hd_510x_/img_pim_food/142274_00_1.jpg
https://www.carrefour.es/supermercado/zumo-de-frutos-rojos-sin-azucar-anadido-juver-disfruta-brik-1-l/R-700809232/p,Zumo de frutos rojos sin azúcar añadido Juver- Disfruta brik 1 l.,"2,15 €",,"2,15 €/l",,Bebidas,Aguas y Zumos,Zumos no Refrigerados,https://static.carrefour.es/hd_510x_/img_pim_food/392556_00_1.jpg
https://www.carrefour.es/supermercado/atun-claro-en-escabeche-carrefour-pack-de-6-latas-de-52-g/R-prod820097/p,Atún claro en escabeche Carrefour pack de 6 latas de 52 g.,"4,09 €",,"13,11 €/kg",,La Despensa,"Conservas, Sopas y Precocinados",Conservas de Pescado y Marisco,https://static.carrefour.es/hd_510x_/img_pim_food/251206_00_1.jpg
https://www.carrefour.es/supermercado/desodorante-roll-on-active-control-48h-antitranspirante-sanex-men-pack-de-2-unidades-50-ml/R-521028406/p,Desodorante roll-on active control 48h antitranspirante Sanex Men pack de 2 unidades 50 ml.,"3,89 €",,"3,89 €/100ml",,Perfumería e Higiene,Baño e Higiene Corporal,Desodorantes,https://static.carrefour.es/hd_510x_/img_pim_food/580605_00_1.jpg
https://www.carrefour.es/supermercado/barra-de-pan-baja-en-sal-carrefour-250-g/R-699205538/p,Barra de pan baja en sal Carrefour 250 g,"0,55 €",,"2,75 €/kg",,Productos Frescos,Panadería Tradicional,Pan Tradicional,https://static.carrefour.es/hd_510x_/img_pim_food/374759_00_1.jpg
https://www.carrefour.es/supermercado/tila-en-bolsitas-ship-25-ud/R-VC4AECOMM-102425/p,Tila en bolsitas Ship 25 ud.,"1,08 €",,"6,17 €/kg",,La Despensa,Desayuno,Infusiones y Tés,https://static.carrefour.es/hd_510x_/img_pim_food/102425_00_1.jpg
https://www.carrefour.es/supermercado/habitas-baby-con-aceite-de-oliva-carrefour-400-g/R-666901785/p,Habitas baby con aceite de oliva Carrefour 400 g.,"5,59 €",,"13,97 €/kg",,La Despensa,"Conservas, Sopas y Precocinados",Conservas de Vegetales,https://static.carrefour.es/hd_510x_/img_pim_food/325688_00_1.jpg
https://www.carrefour.es/supermercado/complemento-alimenticio-piernas-ligeras-aquilea-60-comprimidos/R-prod231427/p,Complemento alimenticio piernas ligeras Aquilea 60 comprimidos.,"23,40 €",,"41,79 €/100g",,Parafarmacia,Nutrición y Dietética,Complementos Vitamínicos,https://static.carrefour.es/hd_510x_/img_pim_food/284618_00_1.jpg
https://www.carrefour.es/supermercado/harina-para-reposteria-schar-sin-gluten-1-kg/R-651402444/p,Harina para repostería Schär sin gluten 1 kg.,"5,69 €",,"5,69 €/kg",,La Despensa,Alimentación,Harinas y Levaduras,https://static.carrefour.es/hd_510x_/img_pim_food/814919_00_1.jpg
https://www.carrefour.es/supermercado/raw-naranja-y-mango-ecologico-sin-azucar-anadido-sin-gluten-lata-33-cl/R-VC4AECOMM-125499/p,Raw naranja y mango ecológico sin azúcar añadido sin gluten lata 33 cl.,"1,10 €",,"3,33 €/l",,Bebidas,Refrescos,Isotónicas,https://static.carrefour.es/hd_510x_/img_pim_food/125499_00_1.jpg
https://www.carrefour.es/supermercado/barrita-de-frutas-con-frutos-secos-y-frambuesas-nakd-sin-azucar-anadido-140-g/R-VC4AECOMM-554259/p,Barrita de frutas con frutos secos y frambuesas Nakd sin azúcar añadido 140 g.,"3,49 €",,"24,93 €/kg",,La Despensa,Desayuno,Barritas,https://static.carrefour.es/hd_510x_/img_pim_food/554259_00_1.jpg
https://www.carrefour.es/supermercado/cola-revoltosa-2-l/R-prod71263/p,Cola Revoltosa 2 l.,"0,71 €",,"0,35 €/l",,Bebidas,Refrescos,Colas,https://static.carrefour.es/hd_510x_/img_pim_food/030455_00_1.jpg
https://www.carrefour.es/supermercado/bifidus-liquido-con-sabor-fresa-y-kiwi-danone-activia-280-g/R-prod800276/p,Bífidus liquido con sabor fresa y kiwi Danone Activia 280 g.,"1,91 €",,"6,82 €/kg",,La Despensa,Yogures y Postres,Bífidus,https://static.carrefour.es/hd_510x_/img_pim_food/991772_00_1.jpg
https://www.carrefour.es/supermercado/colutorio-encias-vitis-500-ml/R-590509802/p,Colutorio encías Vitis 500 ml.,"12,19 €",,"2,44 €/100ml",,Parafarmacia,Higiene Bucal,Colutorio,https://static.carrefour.es/hd_510x_/img_pim_food/638229_00_1.jpg
https://www.carrefour.es/supermercado/preservativos-originales-natural-plus-durex-24-ud/R-VC4AECOMM-487669/p,Preservativos Originales Natural Plus Durex 24 ud.,"15,39 €",,"0,64 €/ud",,Perfumería e Higiene,Bienestar Sexual,Preservativos,https://static.carrefour.es/hd_510x_/img_pim_food/487669_00_1.jpg
https://www.carrefour.es/supermercado/tortas-de-aceite-con-canela-ines-rosales-180-g/R-prod261972/p,Tortas de aceite con canela Inés Rosales 180 g.,"4,25 €",,"23,61 €/kg",,La Despensa,"Panaderia, Bollería y Pastelería",Bollería,https://static.carrefour.es/hd_510x_/img_pim_food/971796_00_1.jpg
https://www.carrefour.es/supermercado/chocolate-blanco-con-relleno-de-avellanas-ferrero-rocher-90-g/R-VC4AECOMM-110617/p,Chocolate blanco con relleno de avellanas Ferrero Rocher 90 g.,"2,95 €",,"32,78 €/kg",,La Despensa,Dulce,Bombones y Chocolates,https://static.carrefour.es/hd_510x_/img_pim_food/110617_00_1.jpg
https://www.carrefour.es/supermercado/aquarius-sabor-limon-botella-50-cl/R-520660733/p,Aquarius sabor limón botella 50 cl.,"1,45 €",,"2,90 €/l",,Bebidas,Refrescos,Isotónicas,https://static.carrefour.es/hd_510x_/img_pim_food/358314_00_1.jpg
https://www.carrefour.es/supermercado/fuet-espetec-carrefour-el-mercado-210-g/R-VC4AECOMM-611098/p,Fuet espetec Carrefour El Mercado 210 g,"2,29 €",,"10,90 €/kg",,Productos Frescos,Charcutería,"Chorizo, Lomo y Otros",https://static.carrefour.es/hd_510x_/img_pim_food/611098_00_1.jpg
https://www.carrefour.es/supermercado/vino-tinto-crianza-enate-do-somontano-75-cl/R-521008407/p,Enate Crianza 2019,"9,79 €",,"9,79 €/ud",,Bebidas,Vinos,Tinto,https://static.carrefour.es/hd_510x_/img_pim_food/091172_00_1.jpg
https://www.carrefour.es/supermercado/pan-mollete-panceliac-sin-gluten-y-sin-lactosa-80-g/R-746105069/p,Pan mollete Panceliac sin gluten y sin lactosa 80 g.,"1,05 €",,"13,12 €/kg",,La Despensa,"Panaderia, Bollería y Pastelería",Pan de Molde,https://static.carrefour.es/hd_510x_/img_pim_food/749055_00_1.jpg
https://www.carrefour.es/supermercado/helado-de-caramelo-salado-haagen-dazs-sin-gluten-400-g/R-prod1000089/p,Helado de caramelo salado Häagen Dazs sin gluten 400 g.,"7,25 €",,"18,12 €/kg",,Congelados,Helados,Tarrinas,https://static.carrefour.es/hd_510x_/img_pim_food/075609_00_1.jpg
https://www.carrefour.es/supermercado/membrillo-artesano-emily-250-g/R-792400147/p,Membrillo artesano Emily 250 g.,"2,45 €",,"9,80 €/kg",,La Despensa,Dulce,"Mermeladas, Membrillos y Compotas",https://static.carrefour.es/hd_510x_/img_pim_food/884601_00_1.jpg
https://www.carrefour.es/supermercado/mojama-de-atun-carrefour-el-mercado-taco-de-200-g/R-prod1020266/p,Mojama de Atún Carrefour El Mercado taco de 200 g,"7,99 €",,"39,95 €/kg",,Productos Frescos,Pescadería,Ahumados y Huevas,https://static.carrefour.es/hd_510x_/img_pim_food/095612_00_1.jpg
https://www.carrefour.es/supermercado/chorizo-y-salchichon-iberico-velita-curados-sin-gluten-y-sin-lactosa-400-g/R-fprod1370146/p,Chorizo y salchichón ibérico velita curados sin gluten y sin lactosa 400 g,"8,89 €",,"22,22 €/kg",,Productos Frescos,Charcutería,"Chorizo, Lomo y Otros",https://static.carrefour.es/hd_510x_/img_pim_food/347672_00_1.jpg
https://www.carrefour.es/supermercado/set-de-80-filtros-para-cafetera-de-papel-melitta-1x4-blanco/R-526404026/p,Set de 80 Filtros para Cafetera de Papel MELITTA 1x4 - Blanco,"4,99 €",,"0,06 €/ud",,Limpieza y Hogar,Menaje,Cafeteras y Accesorios,https://static.carrefour.es/hd_510x_/img_pim_food/172597_00_1.jpg
https://www.carrefour.es/supermercado/ambientador-de-mecha-frutos-rojos-carrefour-essential-375-ml/R-VC4AECOMM-688549/p,Ambientador de mecha frutos rojos Carrefour Essential 375 ml.,"1,58 €",,"4,21 €/l",,Limpieza y Hogar,Ambientadores,Absorbeolores,https://static.carrefour.es/hd_510x_/img_pim_food/688549_00_1.jpg
https://www.carrefour.es/supermercado/ron-carum-70-cl/R-VC4AECOMM-487892/p,Ron Carum 70 cl.,"5,95 €",,"8,50 €/l",,Bebidas,Alcoholes,Ron,https://static.carrefour.es/hd_510x_/img_pim_food/487892_00_1.jpg
https://www.carrefour.es/supermercado/risotto-parmesana-sobre-gallina-blanca-175-g/R-546501970/p,Risotto parmesana sobre Gallina Blanca 175 g.,"2,79 €",,"15,94 €/kg",,La Despensa,"Conservas, Sopas y Precocinados",Platos Preparados,https://static.carrefour.es/hd_510x_/img_pim_food/797437_00_1.jpg
https://www.carrefour.es/supermercado/nata-para-montar-35-materia-grasa-classic-carrefour-500-ml/R-fprod1270052/p,Nata para montar 35% materia grasa Classic´ Carrefour 500 ml.,"1,80 €",,"3,60 €/l",,La Despensa,Lácteos,Nata,https://static.carrefour.es/hd_510x_/img_pim_food/325036_00_1.jpg
https://www.carrefour.es/supermercado/galletas-con-pepitas-de-chocolate-con-leche-y-caramelo-schar-sin-gluten-150-g/R-VC4AECOMM-694115/p,Galletas con pepitas de chocolate con leche y caramelo Schär sin gluten 150 g.,"4,95 €",,"33,00 €/kg",,La Despensa,Desayuno,Galletas,https://static.carrefour.es/hd_510x_/img_pim_food/694115_00_1.jpg
https://www.carrefour.es/supermercado/caldo-casero-de-verduras-gallina-blanca-pack-de-2-briks-de-1-l/R-fprod1410034/p,Caldo casero de verduras Gallina Blanca pack de 2 briks de 1 l.,"4,19 €",,"2,09 €/l",,La Despensa,"Conservas, Sopas y Precocinados","Caldos, Sopas y Pure",https://static.carrefour.es/hd_510x_/img_pim_food/361285_00_1.jpg
https://www.carrefour.es/supermercado/bebida-de-avena-original-vivesoy-1-l/R-VC4AECOMM-314222/p,Bebida de avena original Vivesoy 1 l.,"2,15 €","1,99 €","2,15 €/l","1,99 €/l",La Despensa,Lácteos,Bebida Vegetal,https://static.carrefour.es/hd_510x_/img_pim_food/314222_00_1.jpg
https://www.carrefour.es/supermercado/sidra-kopparberg-premium-sabor-fresa-y-lima-lata-50-cl/R-762342240/p,Sidra Kopparberg Premium sabor fresa y lima lata 50 cl.,"2,45 €",,"4,90 €/l",,Bebidas,Sidra,Cider,https://static.carrefour.es/hd_510x_/img_pim_food/770967_00_1.jpg
https://www.carrefour.es/supermercado/codillo-de-jamon-asado-tello-600-g/R-794041166/p,Codillo de jamón asado Tello 600 g,"6,99 €",,"6,99 €/ud",,Productos Frescos,Platos Preparados Cocinados,Platos de Carne y Pescado,https://static.carrefour.es/hd_510x_/img_pim_food/463137_00_1.jpg
https://www.carrefour.es/supermercado/vino-tinto-joven-fuentevina-tirilla-vendimia-seleccionada-75-cl/R-prod90285/p,Vino tinto joven Fuenteviña Tirilla Vendimia Seleccionada 75 cl.,"1,39 €",,"1,85 €/l",,Bebidas,Vinos,Tinto,https://static.carrefour.es/hd_510x_/img_pim_food/936335_00_1.jpg
https://www.carrefour.es/supermercado/barquillos-rellenos-de-crema-con-leche-y-crema-con-praline-y-cubierta-al-cacao-knoppers-3-unidades-de-25-g/R-VC4AECOMM-451329/p,Barquillos rellenos de crema con leche y crema con praliné y cubierta al cacao Knoppers 3 unidades de 25 g.,"1,64 €",,"21,87 €/kg",,La Despensa,Dulce,Bombones y Chocolates,https://static.carrefour.es/hd_510x_/img_pim_food/451329_00_1.jpg
https://www.carrefour.es/supermercado/cereales-choco-protein-esguir-sin-gluten-y-sin-azucar-250-g/R-VC4AECOMM-739492/p,Cereales choco protein Esguir sin gluten y sin azúcar 250 g.,"3,45 €",,"13,80 €/kg",,,,,https://static.carrefour.es/hd_510x_/img_pim_food/739492_00_1.jpg
https://www.carrefour.es/supermercado/preparado-de-soja-con-vainilla-alpro-sin-gluten-y-sin-lactosa-400-g/R-VC4AECOMM-014034/p,Preparado de soja con vainilla Alpro sin gluten y sin lactosa 400 g.,"2,29 €",,"5,72 €/kg",,La Despensa,Yogures y Postres,Vegetal,https://static.carrefour.es/hd_510x_/img_pim_food/014034_00_1.jpg
https://www.carrefour.es/supermercado/higado-de-cordero-carnicas-meca-400-g/R-608101771/p,Hígado de cordero Cárnicas Meca 400 g,"4,32 €",,"10,79 €/kg",,Productos Frescos,Carnicería,Casquería,https://static.carrefour.es/hd_510x_/img_pim_food/283971_00_1.jpg
https://www.carrefour.es/supermercado/datil-rama/R-564701931/p,Datil rama,"7,13 €",,"7,13 €/kg",,La Despensa,Aperitivos,Frutas Desecadas,https://static.carrefour.es/hd_510x_/img_pim_food/799354_00_1.jpg
https://www.carrefour.es/supermercado/champu-anticaspa-limpieza-profunda-frescor-intenso-hs-300-ml/R-VC4AECOMM-618455/p,Champú anticaspa limpieza profunda frescor intenso H&S 300 ml.,"5,45 €",,"1,82 €/100ml",,Perfumería e Higiene,Cabello,Champús,https://static.carrefour.es/hd_510x_/img_pim_food/618455_00_1.jpg
https://www.carrefour.es/supermercado/bombones-de-chocolate-negro-con-relleno-cremoso-lindt-lindor-337-g/R-fprod1410169/p,Bombones de chocolate negro con relleno cremoso Lindt Lindor 337 g.,"11,89 €",,"35,28 €/kg",,La Despensa,Dulce,Bombones y Chocolates,https://static.carrefour.es/hd_510x_/img_pim_food/363318_00_1.jpg
https://www.carrefour.es/supermercado/colutorio-anticaries-vitis-500-ml/R-804031795/p,Colutorio anticaries Vitis 500 ml.,"11,65 €",,"2,33 €/100ml",,Parafarmacia,Higiene Bucal,Colutorio,https://static.carrefour.es/hd_510x_/img_pim_food/906140_00_1.jpg
https://www.carrefour.es/supermercado/chocolate-negro-85-ecologico-oxfam-intermon-100-g/R-prod62849/p,Chocolate negro 85% ecológico Oxfam Intermón 100 g.,"3,19 €",,"31,90 €/kg",,La Despensa,Dulce,Bombones y Chocolates,https://static.carrefour.es/hd_510x_/img_pim_food/189683_00_1.jpg
https://www.carrefour.es/supermercado/natillas-de-chocolate-danone-danet-pack-de-8-unidades-de-120-g/R-521029854/p,Natillas de chocolate Danone Danet pack de 8 unidades de 120 g.,"3,85 €",,"4,01 €/kg",,La Despensa,Yogures y Postres,"Natillas, Cremas y Copas",https://static.carrefour.es/hd_510x_/img_pim_food/756003_00_1.jpg
https://www.carrefour.es/supermercado/azucar-moreno-intenso-sidul-500-g/R-prod850212/p,Azúcar moreno intenso Sidul 500 g.,"1,30 €",,"2,60 €/kg",,La Despensa,Desayuno,Azúcar y Edulcorantes,https://static.carrefour.es/hd_510x_/img_pim_food/377309_00_1.jpg
https://www.carrefour.es/supermercado/panales-carrefour-baby-ultra-dry-talla-5-junior-12-20-kg-84-uds/R-prod970003/p,Pañales Carrefour Baby Ultra Dry Talla 5 Junior (12-20 kg) 84 uds,"15,85 €",,"0,19 €/ud",,Bebé,Pañales y Toallitas,Pañales Carrefour Baby,https://static.carrefour.es/hd_510x_/img_pim_food/051801_00_1.jpg
https://www.carrefour.es/supermercado/tinto-de-verano-ladron-de-verano-con-limon-botella-1-l/R-VC4AECOMM-365672/p,Tinto de verano Ladrón de Verano con limón botella 1 l.,"2,69 €",,"2,69 €/l",,,,,https://static.carrefour.es/hd_510x_/img_pim_food/365672_00_1.jpg
https://www.carrefour.es/supermercado/3-bayetas-multiusos-multifacil-spontex-amarilla/R-783909236/p,3 Bayetas Multiusos Multifacil Spontex - Amarilla,"3,09 €",,"1,54 €/ud",,Limpieza y Hogar,Utensilios de Limpieza,Bayetas Microfibra Atrapapolvo,https://static.carrefour.es/hd_510x_/img_pim_food/385927_00_1.jpg
https://www.carrefour.es/supermercado/pepsi-zero-azucar-lima-pack-de-9-latas-de-33-cl/R-VC4AECOMM-199170/p,Pepsi zero azúcar lima pack de 9 latas de 33 cl.,"7,85 €",,"2,64 €/l",,Bebidas,Refrescos,Colas,https://static.carrefour.es/hd_510x_/img_pim_food/199170_00_1.jpg
https://www.carrefour.es/supermercado/champu-hair-food-sandia-revitalizante-garnier-fructis-350-ml/R-VC4AECOMM-625226/p,Champú Hair Food sandía revitalizante Garnier-Fructis 350 ml.,"5,55 €",,"1,59 €/100ml",,Perfumería e Higiene,Cabello,Champús,https://static.carrefour.es/hd_510x_/img_pim_food/625226_00_1.jpg
https://www.carrefour.es/supermercado/gel-de-ducha-dermatologico-piel-atopica-pharmaline-750-ml/R-625319087/p,Gel de ducha dermatológico piel atópica Pharmaline 750 ml.,"4,49 €",,"0,60 €/100ml",,Perfumería e Higiene,Baño e Higiene Corporal,Geles de Baño,https://static.carrefour.es/hd_510x_/img_pim_food/800853_00_1.jpg
https://www.carrefour.es/supermercado/agua-mineral-lanjaron-625-l/R-632901988/p,"Agua mineral Lanjarón 6,25 l.","2,39 €",,"0,38 €/l",,Bebidas,Aguas y Zumos,Agua de más de 2 litros,https://static.carrefour.es/hd_510x_/img_pim_food/808857_00_1.jpg
https://www.carrefour.es/supermercado/caldo-de-carne-original-carrefour-12-pastillas/R-VC4AECOMM-437648/p,Caldo de carne Original Carrefour 12 pastillas,"0,97 €",,"8,08 €/kg",,La Despensa,"Conservas, Sopas y Precocinados","Caldos, Sopas y Pure",https://static.carrefour.es/hd_510x_/img_pim_food/437648_00_1.jpg
https://www.carrefour.es/supermercado/vino-fino-cortijo-de-ceret-dojerez-xeres-sherry-75-cl/R-VC4AECOMM-501518/p,Vino fino Cortijo de Ceret D.O.Jerez-Xérés-Sherry 75 cl.,"3,65 €",,"3,65 €/ud",,Bebidas,Vinos,Generosos y Dulces,https://static.carrefour.es/hd_510x_/img_pim_food/501518_00_1.jpg
https://www.carrefour.es/supermercado/champu-reparador-para-el-pelo-danado-total-repair-5-elvive-loreal-paris-370-ml/R-826005353/p,Champú reparador para el pelo dañado Total Repair 5 Elvive L'Oréal Paris 370 ml.,"4,75 €",,"1,25 €/100ml",,Perfumería e Higiene,Cabello,Champús,https://static.carrefour.es/hd_510x_/img_pim_food/959815_00_1.jpg
https://www.carrefour.es/supermercado/te-verde-al-jengibre-con-manzana-en-bolsitas-hornimans-20-ud/R-prod231467/p,Té verde al jengibre con manzana en bolsitas Hornimans 20 ud.,"2,89 €",,"96,33 €/kg",,La Despensa,Desayuno,Infusiones y Tés,https://static.carrefour.es/hd_510x_/img_pim_food/087769_00_1.jpg
https://www.carrefour.es/supermercado/monster-energy-ultra-watermelon-bebida-energetica-zero-azucar-lata-50-cl/R-VC4AECOMM-745489/p,Monster Energy Ultra Watermelon Bebida Energética zero azúcar lata 50 cl.,"1,45 €",,"2,90 €/l",,Bebidas,Refrescos,Energéticas,https://static.carrefour.es/hd_510x_/img_pim_food/745489_00_1.jpg
https://www.carrefour.es/supermercado/bayetas-microfibras-superabsorbentes-spontex-10-ud/R-VC4AECOMM-559309/p,Bayetas Microfibras Superabsorbentes SPONTEX 10 ud,"8,45 €",,"0,84 €/ud",,Limpieza y Hogar,Utensilios de Limpieza,Bayetas Microfibra Atrapapolvo,https://static.carrefour.es/hd_510x_/img_pim_food/559309_00_1.jpg
https://www.carrefour.es/supermercado/bonito-del-norte-en-aceite-de-oliva-consorcio-260-g/R-681208379/p,Bonito del norte en aceite de oliva Consorcio 260 g.,"10,55 €",,"40,58 €/kg",,La Despensa,"Conservas, Sopas y Precocinados",Conservas de Pescado y Marisco,https://static.carrefour.es/hd_510x_/img_pim_food/128674_00_1.jpg
https://www.carrefour.es/supermercado/queso-fresco-burgo-de-arias-sin-lactosa-pack-3-unidades-de-72-g/R-prod66479/p,Queso fresco Burgo de Arias sin lactosa pack 3 unidades de 72 g.,"3,05 €",,"14,12 €/kg",,Productos Frescos,Quesos,Queso Fresco,https://static.carrefour.es/hd_510x_/img_pim_food/055690_00_1.jpg
https://www.carrefour.es/supermercado/tortilla-de-calabacin-bo-de-debo-335-g/R-VC4AECOMM-790048/p,Tortilla de calabacín Bo de Debó 335 g.,"4,35 €",,"12,99 €/kg",,La Despensa,"Conservas, Sopas y Precocinados","Tortillas, Empanadillas y Sandwiches",https://static.carrefour.es/hd_510x_/img_pim_food/790048_00_1.jpg
https://www.carrefour.es/supermercado/povidona-iodada-carrefour-125-ml/R-VC4AECOMM-156261/p,Povidona iodada Carrefour 125 ml.,"1,75 €",,"1,40 €/100ml",,Parafarmacia,Botiquín,Antisépticos y Talcos,https://static.carrefour.es/hd_510x_/img_pim_food/156261_00_1.jpg
https://www.carrefour.es/supermercado/picos-gourmet-carrefour-130-g/R-fprod1460427/p,Picos Gourmet Carrefour 130 g,"1,55 €",,"11,92 €/kg",,La Despensa,"Panaderia, Bollería y Pastelería","Colines, picos y crakers",https://static.carrefour.es/hd_510x_/img_pim_food/399651_00_1.jpg
https://www.carrefour.es/supermercado/clavo-molido-carmencita-sin-gluten-40-g/R-546305778/p,Clavo molido Carmencita sin gluten 40 g.,"3,59 €",,"89,75 €/kg",,La Despensa,Alimentación,Especias y Sazonadores,https://static.carrefour.es/hd_510x_/img_pim_food/002163_00_1.jpg
https://www.carrefour.es/supermercado/lejia-efecto-antirrotura-carrefour-2-l/R-521008445/p,Lejía efecto antirrotura Carrefour 2 l.,"1,20 €",,"0,60 €/l",,Limpieza y Hogar,Cuidado de la Ropa,Lejías lavadora,https://static.carrefour.es/hd_510x_/img_pim_food/482610_00_1.jpg
https://www.carrefour.es/supermercado/compresa-ultra-finas-normal-con-alas-carrefour-soft-14-ud/R-VC4AECOMM-569987/p,Compresa ultra finas normal con alas Carrefour Soft 14 ud.,"1,40 €",,"0,10 €/ud",,Perfumería e Higiene,Higiene íntima,Compresas,https://static.carrefour.es/hd_510x_/img_pim_food/569987_00_1.jpg
https://www.carrefour.es/supermercado/vinagre-concentrado-multiusos-hogar-carrefour-1-l/R-prod1060158/p,Vinagre concentrado multiusos hogar Carrefour 1 l.,"0,79 €",,"0,79 €/l",,Limpieza y Hogar,Productos para toda la casa,Limpiacristales y Multiusos,https://static.carrefour.es/hd_510x_/img_pim_food/124250_00_1.jpg
https://www.carrefour.es/supermercado/entrecot-de-vacuno-angus-carrefour-selection-500-g-aprox/R-VC4AECOMM-007142/p,Entrecot de Vacuno Angus Carrefour Selection 500 g aprox,"17,75 €",,"35,50 €/kg",,Productos Frescos,Carnicería,Vacuno,https://static.carrefour.es/hd_510x_/img_pim_food/007142_00_1.jpg
https://www.carrefour.es/supermercado/pera-conferencia-carrefour-1-kg-aprox/R-600709236/p,Pera conferencia Carrefour 1 kg aprox,"2,59 €",,"2,59 €/kg",,Productos Frescos,Frutas,Manzanas y Peras,https://static.carrefour.es/hd_510x_/img_pim_food/394510_00_1.jpg
https://www.carrefour.es/supermercado/aperitivo-de-patata-sabor-jamon-pringles-185-g/R-VC4AECOMM-142087/p,Aperitivo de patata sabor jamón Pringles 185 g.,"3,09 €",,"16,70 €/kg",,La Despensa,Aperitivos,Patatas Fritas,https://static.carrefour.es/hd_510x_/img_pim_food/142087_00_1.jpg
https://www.carrefour.es/supermercado/agua-de-mar-sinusitis-sterimar-20-ml/R-VC4AECOMM-058742/p,Agua de mar Sinusitis Stérimar 20 ml.,"9,25 €",,"46,25 €/100ml",,Parafarmacia,Botiquín,Higiene y tiras Nasales,https://static.carrefour.es/hd_510x_/img_pim_food/058742_00_1.jpg
https://www.carrefour.es/supermercado/queso-havarti-en-lonchas-arla-150-g/R-522714728/p,Queso havarti en lonchas Arla 150 g.,"3,21 €",,"18,34 €/kg",,Productos Frescos,Quesos,Tierno,https://static.carrefour.es/hd_510x_/img_pim_food/253200_00_1.jpg
https://www.carrefour.es/supermercado/limpiador-en-aceite-espumoso-hidratante-cerave-473-ml/R-VC4AECOMM-147584/p,Limpiador en aceite espumoso hidratante Cerave 473 ml.,"18,25 €",,"3,86 €/100ml",,Parafarmacia,Cuidado e higiene facial,Tónicos y Lociones,https://static.carrefour.es/hd_510x_/img_pim_food/147584_00_1.jpg
https://www.carrefour.es/supermercado/agua-mineral-zero-sodio-fontarel-15-l/R-VC4AECOMM-320107/p,"Agua mineral Zero Sodio Fontarel 1,5 l.","0,72 €",,"0,48 €/l
- 4,32 €/6 uds.",,Bebidas,Aguas y Zumos,"Agua de 0,75 a 2 litros",https://static.carrefour.es/hd_510x_/img_pim_food/320107_00_1.jpg
https://www.carrefour.es/supermercado/queso-de-mezcla-tierno-canada-mayor-250-g/R-VC4AECOMM-199257/p,Queso de mezcla tierno Cañada Mayor 250 g.,"4,23 €",,"16,92 €/kg",,Productos Frescos,Quesos,Todos los Quesos,https://static.carrefour.es/hd_510x_/img_pim_food/199257_00_1.jpg
https://www.carrefour.es/supermercado/pizza-4-quesos-ecologica-carrefour-bio-350-g/R-609801246/p,Pizza 4 quesos ecológica Carrefour Bio 350 g.,"4,99 €",,"14,26 €/kg",,Congelados,Pizzas Congeladas,,https://static.carrefour.es/hd_510x_/img_pim_food/399288_00_1.jpg
https://www.carrefour.es/supermercado/sazonador-para-fajitas-suave-old-el-paso-35-g/R-521033548/p,Sazonador para fajitas suave Old El Paso 35 g.,"1,50 €",,"42,86 €/kg",,La Despensa,Alimentación,Especias y Sazonadores,https://static.carrefour.es/hd_510x_/img_pim_food/011556_00_1.jpg
https://www.carrefour.es/supermercado/leche-fermentada-liquida-natural-danone-actimel-si-gluten-pack-de-6-unidades-de-100-g/R-521029647/p,Leche fermentada líquida natural Danone - Actimel si gluten pack de 6 unidades de 100 g.,"3,79 €",,"6,32 €/kg",,La Despensa,Yogures y Postres,Yogures Líquidos,https://static.carrefour.es/hd_510x_/img_pim_food/180093_00_1.jpg
https://www.carrefour.es/supermercado/kefir-sabor-mango-carrefour-sensation-500-g/R-VC4AECOMM-485728/p,Kéfir sabor mango Carrefour Sensation 500 g.,"1,42 €",,"2,84 €/kg",,La Despensa,Yogures y Postres,Yogur Natural y Sabores,https://static.carrefour.es/hd_510x_/img_pim_food/485728_00_1.jpg
https://www.carrefour.es/supermercado/bebida-de-coco-ecologica-ecomil-sin-gluten-y-sin-azucar-brik-1-l/R-774804069/p,Bebida de coco ecológica EcoMil sin gluten y sin azúcar brik 1 l.,"3,35 €",,"3,35 €/l",,La Despensa,Lácteos,Bebida Vegetal,https://static.carrefour.es/hd_510x_/img_pim_food/783031_00_1.jpg
https://www.carrefour.es/supermercado/mix-arandanos-y-anacardos-carrefour-250-g/R-VC4AECOMM-135903/p,Mix arándanos y anacardos Carrefour 250 g,"3,32 €",,"13,28 €/kg",,La Despensa,Aperitivos,Frutos Secos,https://static.carrefour.es/hd_510x_/img_pim_food/135903_00_1.jpg
https://www.carrefour.es/supermercado/alas-de-pollo-carrefour-500-g-aprox/R-791562923/p,Alas de Pollo Carrefour 500 g aprox,"3,39 €",,"6,79 €/kg",,Productos Frescos,Carnicería,Aves y Pollo,https://static.carrefour.es/hd_510x_/img_pim_food/887247_00_1.jpg
https://www.carrefour.es/supermercado/macarrones-integrales-carrefour-500-g/R-521008433/p,Macarrones integrales Carrefour 500 g.,"1,11 €",,"2,22 €/kg",,La Despensa,Alimentación,Pastas,https://static.carrefour.es/hd_510x_/img_pim_food/447235_00_1.jpg
https://www.carrefour.es/supermercado/batido-sustitutivo-sabor-chocolate-sensation-carrefour-sin-gluten-pack-de-6-unidades-de-42-g/R-VC4AECOMM-259135/p,Batido sustitutivo sabor chocolate Sensation Carrefour sin gluten pack de 6 unidades de 42 g.,"7,05 €",,"27,98 €/kg",,La Despensa,Alimentación,Vitaminas y Complementos,https://static.carrefour.es/hd_510x_/img_pim_food/259135_00_1.jpg
https://www.carrefour.es/supermercado/krissia-desmigado-125-g/R-522714060/p,Krissia desmigado 125 g,"1,99 €",,"15,92 €/kg",,Productos Frescos,Pescadería,Surimi y Elaborados,https://static.carrefour.es/hd_510x_/img_pim_food/297695_00_1.jpg
https://www.carrefour.es/supermercado/salchichon-iberico-de-bellota-esencia-unica-600-g/R-prod69506/p,Salchichón ibérico de bellota Esencia Única 600 g,"15,69 €",,"26,15 €/kg",,Productos Frescos,Charcutería,"Salchichón, Salami y Fuet",https://static.carrefour.es/hd_510x_/img_pim_food/887124_00_1.jpg
https://www.carrefour.es/supermercado/bolsas-basura-de-material-reciclado-carrefour-50-l-15-ud-blanco/R-prod280613/p,Bolsas Basura de Material Reciclado CARREFOUR 50 l. 15 ud - Blanco,"1,60 €",,"0,11 €/ud",,Limpieza y Hogar,Utensilios de Limpieza,Bolsas de Basura,https://static.carrefour.es/hd_510x_/img_pim_food/331515_00_1.jpg
https://www.carrefour.es/supermercado/ketchup-picante-classic-carrefour-envase-340-g/R-713315924/p,Kétchup picante Classic Carrefour envase 340 g.,"1,41 €",,"4,15 €/kg",,La Despensa,Alimentación,Salsas y Tomate Frito,https://static.carrefour.es/hd_510x_/img_pim_food/440454_00_1.jpg
https://www.carrefour.es/supermercado/cerveza-desperados-con-tequila-botella-33-cl/R-521028222/p,Cerveza Desperados con tequila botella 33 cl.,"1,32 €",,"4,00 €/l",,Bebidas,Cerveza,Todas las Cervezas,https://static.carrefour.es/hd_510x_/img_pim_food/028778_00_1.jpg
https://www.carrefour.es/supermercado/dentifrico-con-fluor-infantil-0-6-anos-elmex-50-ml/R-VC4AECOMM-638580/p,Dentífrico con flúor infantil 0-6 años Elmex 50 ml.,"5,25 €",,"10,50 €/100ml",,Parafarmacia,Higiene Bucal,Pasta de dientes,https://static.carrefour.es/hd_510x_/img_pim_food/638580_00_1.jpg
https://www.carrefour.es/supermercado/chocolate-negro-con-almendras-nestle-sin-gluten-270-g/R-VC4AECOMM-593618/p,Chocolate negro con almendras Nestlé sin gluten 270 g.,"4,59 €",,"17,00 €/kg",,La Despensa,Dulce,Bombones y Chocolates,https://static.carrefour.es/hd_510x_/img_pim_food/593618_00_1.jpg
https://www.carrefour.es/supermercado/arroz-con-leche-danone-pack-de-2-unidades-de-130-g/R-712515123/p,Arroz con leche Danone pack de 2 unidades de 130 g.,"1,73 €",,"6,65 €/kg",,La Despensa,Yogures y Postres,Otros Postres,https://static.carrefour.es/hd_510x_/img_pim_food/425379_00_1.jpg
https://www.carrefour.es/supermercado/set-de-50-brochetas-bambu-carrefour-home-30-cm/R-VC4AECOMM-489636/p,Set de 50 Brochetas Bambú CARREFOUR HOME 30 cm,"0,75 €",,"0,75 €/ud",,Limpieza y Hogar,Menaje,Utensilios de Cocina,https://static.carrefour.es/hd_510x_/img_pim_food/489636_00_1.jpg
https://www.carrefour.es/supermercado/cava-segura-viudas-brut-reserva-75-cl/R-520662183/p,Segura Viudas Cava Reserva,"8,79 €",,"8,79 €/ud",,,,,https://static.carrefour.es/hd_510x_/img_pim_food/000242_00_1.jpg
https://www.carrefour.es/supermercado/tinte-permanente-tono-811-rubio-claro-ceniza-excellence-cool-creme-loreal-paris-1-ud/R-VC4AECOMM-229505/p,Tinte permanente tono 8.11 rubio claro ceniza Excellence Cool Creme L'Oréal Paris 1 ud.,"8,89 €",,"8,89 €/ud",,Perfumería e Higiene,Cabello,Tinte,https://static.carrefour.es/hd_510x_/img_pim_food/229505_00_1.jpg
https://www.carrefour.es/supermercado/crema-de-semillas-de-sesamo-eos-sin-gluten-200-g/R-VC4AECOMM-594210/p,Crema de semillas de sésamo Eos sin gluten 200 g.,"2,95 €",,"14,75 €/kg",,La Despensa,Dulce,"Cremas de Cacao, Avellana y Cacahuete",https://static.carrefour.es/hd_510x_/img_pim_food/594210_00_1.jpg
https://www.carrefour.es/supermercado/vino-tinto-joven-malabestia-doca-rioja-75-cl/R-VC4AECOMM-510551/p,Vino tinto joven Malabestia D.O.Ca. Rioja 75 cl.,"2,25 €",,"2,25 €/ud",,,,,https://static.carrefour.es/hd_510x_/img_pim_food/510551_00_1.jpg
https://www.carrefour.es/supermercado/chocolate-con-leche-extrafino-galleta-y-caramelo-xtreme-galleta-nestle-87-g/R-VC4AECOMM-083501/p,Chocolate con leche extrafino galleta y caramelo Xtreme Galleta Nestlé 87 g,"1,41 €",,"16,21 €/kg",,La Despensa,Dulce,Bombones y Chocolates,https://static.carrefour.es/hd_510x_/img_pim_food/083501_00_1.jpg
https://www.carrefour.es/supermercado/toallitas-para-wc-frescor-fresco-carrefour-40-ud/R-694608968/p,Toallitas para wc frescor fresco Carrefour 40 ud.,"0,99 €",,"0,02 €/ud",,Limpieza y Hogar,Productos para Baño,Limpiadores Baño,https://static.carrefour.es/hd_510x_/img_pim_food/093840_00_1.jpg
https://www.carrefour.es/supermercado/compresas-super-con-alas-cottonlike-evax-24-ud/R-521000497/p,Compresas super con alas Cottonlike Evax 24 ud.,"5,05 €",,"0,21 €/ud",,Perfumería e Higiene,Higiene íntima,Compresas,https://static.carrefour.es/hd_510x_/img_pim_food/056616_00_1.jpg
https://www.carrefour.es/supermercado/fluido-hidratante-anti-uv-spf50-diario-con-vitamina-c-revitalift-clinical-loreal-paris-50-ml/R-VC4AECOMM-158798/p,Fluido hidratante anti-UV SPF50+ diario con vitamina C Revitalift Clinical L'Oréal Paris 50 ml.,"17,95 €",,"35,90 €/100ml",,Perfumería e Higiene,Cosmética,Rostro,https://static.carrefour.es/hd_510x_/img_pim_food/158798_00_1.jpg
https://www.carrefour.es/supermercado/snack-hueso-anudado-de-buey-para-perro-carrefour-20-cm/R-prod880639/p,Snack hueso anudado de buey para perro Carrefour 20 Cm,"2,05 €",,"2,05 €/ud",,Mascotas,Perros,"Premios, Snacks y Huesos",https://static.carrefour.es/hd_510x_/img_pim_food/927913_00_1.jpg
https://www.carrefour.es/supermercado/panceta-salada-la-nuncia-370-g-aprox/R-607902902/p,Panceta salada La Nuncia 370 g aprox,"3,70 €",,"9,99 €/kg",,Productos Frescos,Charcutería,"Chorizo, Lomo y Otros",https://static.carrefour.es/hd_510x_/img_pim_food/416359_00_1.jpg
https://www.carrefour.es/supermercado/cigala-cruda-congelada-delfin-700-g/R-627802086/p,Cigala cruda congelada Delfín 700 g.,"22,10 €",,"31,57 €/kg",,Congelados,Mariscos Congelados,,https://static.carrefour.es/hd_510x_/img_pim_food/804631_00_1.jpg
https://www.carrefour.es/supermercado/aquarius-sabor-naranja-pack-2-botellas-15-l/R-857900578/p,"Aquarius sabor naranja pack 2 botellas 1,5 l.","3,59 €",,"1,20 €/l",,Bebidas,Refrescos,Isotónicas,https://static.carrefour.es/hd_510x_/img_pim_food/106602_00_1.jpg
https://www.carrefour.es/supermercado/queso-iberico-semicurado-carrefour-extra-200-g/R-VC4AECOMM-338628/p,Queso ibérico semicurado Carrefour Extra 200 g,"3,49 €",,"17,45 €/kg",,Productos Frescos,Quesos,Todos los Quesos,https://static.carrefour.es/hd_510x_/img_pim_food/338628_00_1.jpg
https://www.carrefour.es/supermercado/natillas-de-vainilla-la-lechera-pack-de-6-unidades-de-115-g/R-VC4AECOMM-618804/p,Natillas de vainilla La Lechera pack de 6 unidades de 115 g.,"3,05 €",,"4,42 €/kg",,La Despensa,Yogures y Postres,"Natillas, Cremas y Copas",https://static.carrefour.es/hd_510x_/img_pim_food/618804_00_1.jpg
https://www.carrefour.es/supermercado/te-verde-en-bolsitas-ship-25-ud/R-VC4AECOMM-102426/p,Té verde en bolsitas Ship 25 ud.,"0,86 €",,"4,91 €/kg",,,,,https://static.carrefour.es/hd_510x_/img_pim_food/102426_00_1.jpg
https://www.carrefour.es/supermercado/tortitas-de-maiz-carrefour-pack-de-4-unidades-de-33-g/R-prod1000692/p,Tortitas de maíz Carrefour pack de 4 unidades de 33 g.,"1,21 €",,"9,17 €/kg",,La Despensa,Aperitivos,Tortitas,https://static.carrefour.es/hd_510x_/img_pim_food/086221_00_1.jpg
https://www.carrefour.es/supermercado/papel-de-cocina-compact-decorado-carrefour-3-rollos/R-590209123/p,Papel de cocina compact decorado Carrefour 3 rollos.,"2,35 €",,"0,78 €/ud",,Limpieza y Hogar,Papel y Celulosa,Papel Cocina y Multiusos,https://static.carrefour.es/hd_510x_/img_pim_food/256155_00_1.jpg
https://www.carrefour.es/supermercado/leche-infantil-de-continuacion-desde-6-meses-liquida-nestle-nativa-2-brik-1-l/R-VC4AECOMM-733781/p,Leche infantil de continuación desde 6 meses líquida Nestlé Nativa 2 brik 1 l.,"2,55 €",,"2,55 €/l",,Bebé,Alimentación infantil,Leches Infantiles,https://static.carrefour.es/hd_510x_/img_pim_food/733781_00_1.jpg
https://www.carrefour.es/supermercado/harina-especial-amasar-pizza-original-carreofur-1-kg/R-VC4AECOMM-034885/p,Harina especial amasar pizza Original Carreofur 1 kg.,"1,69 €",,"1,69 €/kg",,La Despensa,Alimentación,Harinas y Levaduras,https://static.carrefour.es/hd_510x_/img_pim_food/034885_00_1.jpg
https://www.carrefour.es/supermercado/galletas-rellenas-de-crema-de-chocolate-maxi-choc-principe-pack-de-3-unidades-de-250-g/R-760106983/p,Galletas rellenas de crema de chocolate Maxi Choc Príncipe pack de 3 unidades de 250 g.,"7,25 €",,"9,67 €/kg",,La Despensa,Desayuno,Galletas,https://static.carrefour.es/hd_510x_/img_pim_food/768690_00_1.jpg
https://www.carrefour.es/supermercado/chuleta-de-pavo-marinada-carrefour-el-mercado-500-g-aprox/R-VC4AECOMM-190893/p,Chuleta de Pavo Marinada Carrefour El Mercado 500 g aprox,"4,19 €",,"8,39 €/kg",,Productos Frescos,Carnicería,Aves y Pollo,https://static.carrefour.es/hd_510x_/img_pim_food/190893_00_1.jpg
https://www.carrefour.es/supermercado/hogaza-de-pan-carrefour-no-gluten-sin-gluten-y-sin-lactosa-390-g/R-VC4AECOMM-434158/p,Hogaza de pan Carrefour No Gluten sin gluten y sin lactosa 390 g.,"3,69 €",,"9,46 €/kg",,La Despensa,"Panaderia, Bollería y Pastelería",Especialidades de pan,https://static.carrefour.es/hd_510x_/img_pim_food/434158_00_1.jpg
https://www.carrefour.es/supermercado/atun-claro-en-aceite-de-oliva-bajo-en-sal-calvo-pack-de-3-latas-de-65-g/R-VC4AECOMM-659097/p,Atún claro en aceite de oliva bajo en sal Calvo pack de 3 latas de 65 g.,"4,99 €",,"31,99 €/kg",,La Despensa,"Conservas, Sopas y Precocinados",Conservas de Pescado y Marisco,https://static.carrefour.es/hd_510x_/img_pim_food/659097_00_1.jpg
https://www.carrefour.es/supermercado/barrita-de-chocolate-con-leche-alta-en-proteinas-corny-sin-azucar-anadido-50-g/R-VC4AECOMM-008895/p,Barrita de chocolate con leche alta en proteínas Corny sin azúcar añadido 50 g.,"1,78 €",,"35,60 €/kg",,La Despensa,Alimentación,Nutrición deportiva,https://static.carrefour.es/hd_510x_/img_pim_food/008895_00_1.jpg
https://www.carrefour.es/supermercado/gyoza-de-verduras-ta-tung-144-g/R-VC4AECOMM-724199/p,Gyoza de verduras Ta-Tung 144 g.,"4,15 €",,"28,82 €/kg",,La Despensa,"Conservas, Sopas y Precocinados",Platos Preparados,https://static.carrefour.es/hd_510x_/img_pim_food/724199_00_1.jpg
https://www.carrefour.es/supermercado/cerveza-estrella-galicia-especial-botella-66-cl/R-fprod1460093/p,Cerveza Estrella Galicia especial botella 66 cl.,"2,49 €",,"3,77 €/l",,Bebidas,Cerveza,Todas las Cervezas,https://static.carrefour.es/hd_510x_/img_pim_food/387462_00_1.jpg
https://www.carrefour.es/supermercado/gel-de-ducha-hidratante-protector-cuidado-experto-sanex-850-ml/R-VC4AECOMM-624130/p,Gel de ducha hidratante Protector Cuidado Experto Sanex 850 ml.,"3,89 €",,"0,46 €/100ml",,Perfumería e Higiene,Baño e Higiene Corporal,Geles de Baño,https://static.carrefour.es/hd_510x_/img_pim_food/624130_00_1.jpg
https://www.carrefour.es/supermercado/enjuague-bucal-fluor-kin-infantil-500-ml/R-590511314/p,Enjuague bucal Fluor Kin Infantil 500 ml.,"7,19 €",,"1,44 €/100ml",,Parafarmacia,Higiene Bucal,Colutorio,https://static.carrefour.es/hd_510x_/img_pim_food/761125_00_1.jpg
https://www.carrefour.es/supermercado/cafe-soluble-natural-nescafe-classic-pack-de-10-ud/R-521003053/p,Café soluble natural Nescafé Classic pack de 10 ud.,"1,44 €",,"72,00 €/kg",,La Despensa,Desayuno,Cafés,https://static.carrefour.es/hd_510x_/img_pim_food/028609_00_1.jpg
https://www.carrefour.es/supermercado/maquinillas-desechables-piel-sensible-sensor3-gillette-8-ud/R-VC4AECOMM-017719/p,Maquinillas desechables piel sensible Sensor3 Gillette 8 ud.,"10,85 €",,"1,36 €/ud",,Perfumería e Higiene,Depilación y Afeitado,Maquinillas y Recambios,https://static.carrefour.es/hd_510x_/img_pim_food/017719_00_1.jpg
https://www.carrefour.es/supermercado/cafe-intenso-en-capsulas-ecologico-origenplanet-compatible-con-nespresso-10-unidades-de-5-g/R-prod300519/p,Café intenso en cápsulas ecológico Origen&Planet compatible con Nespresso 10 unidades de 5 g.,"2,79 €",,"55,80 €/kg",,La Despensa,Desayuno,Cafés,https://static.carrefour.es/hd_510x_/img_pim_food/351244_00_1.jpg
https://www.carrefour.es/supermercado/limpia-muebles-lavanda-pronto-250-ml/R-VC4AECOMM-168456/p,Limpia muebles lavanda Pronto 250 ml.,"4,59 €",,"18,36 €/l",,Limpieza y Hogar,Productos para toda la casa,Limpia Muebles,https://static.carrefour.es/hd_510x_/img_pim_food/168456_00_1.jpg
https://www.carrefour.es/supermercado/azucar-moreno-de-cana-especial-postres-azucarera-doy-pack-750-g/R-prod971626/p,Azúcar moreno de caña especial postres Azucarera doy pack 750 g.,"2,75 €",,"3,67 €/kg",,La Despensa,Desayuno,Azúcar y Edulcorantes,https://static.carrefour.es/hd_510x_/img_pim_food/067162_00_1.jpg
https://www.carrefour.es/supermercado/tarrito-de-frutas-variadas-y-galleta-desde-6-meses-hero-baby-merienda-sin-aceite-de-palma-pack-de-6-unidades-de-190-g/R-673601895/p,Tarrito de frutas variadas y galleta desde 6 meses Hero Baby Merienda sin aceite de palma pack de 6 unidades de 190 g.,"9,89 €",,"8,68 €/kg",,Bebé,Alimentación infantil,Tarritos y Platos Preparados,https://static.carrefour.es/hd_510x_/img_pim_food/332656_00_1.jpg
https://www.carrefour.es/supermercado/mejillones-fritos-en-escabeche-gigantes-javimar-156-g/R-521006339/p,Mejillones fritos en escabeche gigantes Javimar 156 g.,"11,15 €",,"71,47 €/kg",,La Despensa,"Conservas, Sopas y Precocinados",Conservas de Pescado y Marisco,https://static.carrefour.es/hd_510x_/img_pim_food/103628_00_1.jpg
https://www.carrefour.es/supermercado/detergente-con-jabon-de-marsella-carrefour-2-ud/R-716302680/p,Detergente con jabón de Marsella Carrefour 2 ud.,"3,65 €",,"4,56 €/kg",,Limpieza y Hogar,Cuidado de la Ropa,Detergentes,https://static.carrefour.es/hd_510x_/img_pim_food/493788_00_1.jpg
https://www.carrefour.es/supermercado/fregasuelos-concentrado-naranja-avevi-950-ml/R-prod890174/p,Fregasuelos concentrado naranja Avevi 950 ml.,"2,29 €",,"2,41 €/l",,Limpieza y Hogar,Productos para toda la casa,Suelos,https://static.carrefour.es/hd_510x_/img_pim_food/036249_00_1.jpg
https://www.carrefour.es/supermercado/salteado-de-verduras-con-quinoa-carretilla-sin-gluten-250-g/R-prod1150257/p,Salteado de verduras con quinoa Carretilla sin gluten 250 g.,"3,45 €",,"13,80 €/kg",,La Despensa,"Conservas, Sopas y Precocinados","Salteados de Verdura, Arroz y Paella",https://static.carrefour.es/hd_510x_/img_pim_food/203653_00_1.jpg
https://www.carrefour.es/supermercado/champu-anticaspa-classic-hs-1000-ml/R-VC4AECOMM-336897/p,Champú anticaspa classic H&S 1000 ml.,"14,09 €",,"1,41 €/100ml",,Perfumería e Higiene,Cabello,Champús,https://static.carrefour.es/hd_510x_/img_pim_food/336897_00_1.jpg
https://www.carrefour.es/supermercado/cereales-integrales-con-chocolate-y-caramelo-lion-nestle-675-g/R-714001806/p,Cereales integrales con chocolate y caramelo Lion Nestlé 675 g.,"5,45 €",,"8,07 €/kg",,La Despensa,Desayuno,Cereales,https://static.carrefour.es/hd_510x_/img_pim_food/460037_00_1.jpg
https://www.carrefour.es/supermercado/mini-bombon-helado-clascio-y-almendrado-carrefour-8-ud/R-614201657/p,Mini bombón helado cláscio y almendrado Carrefour 8 ud.,"2,59 €",,"0,32 €/ud",,Congelados,Helados,Bombón Helado,https://static.carrefour.es/hd_510x_/img_pim_food/591760_00_1.jpg
https://www.carrefour.es/supermercado/arroz-integral-para-microondas-nomen-sin-gluten-pack-de-2-unidades-de-200-g/R-VC4AECOMM-009571/p,Arroz integral para microondas Nomen sin gluten pack de 2 unidades de 200 g.,"2,69 €",,"6,72 €/kg",,La Despensa,Alimentación,Arroz y Cous Cous,https://static.carrefour.es/hd_510x_/img_pim_food/009571_00_1.jpg
https://www.carrefour.es/supermercado/huevos-de-gallinas-criadas-en-suelo-carrefour-el-mercado-12-ud/R-VC4AECOMM-307935/p,Huevos de gallinas criadas en suelo Carrefour El Mercado 12 ud.,"2,15 €",,"2,15 €/docena",,La Despensa,Huevos,Huevos frescos,https://static.carrefour.es/hd_510x_/img_pim_food/307935_00_1.jpg
https://www.carrefour.es/supermercado/salchichas-cocidas-y-ahumadas-de-pollo-carrefour-200-g/R-521031141/p,Salchichas cocidas y ahumadas de pollo Carrefour 200 g.,"0,66 €",,"3,30 €/kg",,Productos Frescos,Charcutería,Salchichas,https://static.carrefour.es/hd_510x_/img_pim_food/404955_00_1.jpg
https://www.carrefour.es/supermercado/pienso-de-pollo-y-verduras-para-perro-adulto-purina-friskies-vitafit-complete-15-kg/R-790212176/p,Pienso de pollo y verduras para perro adulto Purina Friskies Vitafit Complete 15 Kg.,"35,80 €",,"2,39 €/kg",,Mascotas,Perros,Pienso para perros,https://static.carrefour.es/hd_510x_/img_pim_food/770742_00_1.jpg
https://www.carrefour.es/supermercado/lomo-de-bacalao-al-punto-de-sal-congelado-carrefour-400-g/R-529036033/p,Lomo de bacalao al punto de sal congelado Carrefour 400 g,"8,35 €",,"20,87 €/kg",,Congelados,Pescados Congelados,,https://static.carrefour.es/hd_510x_/img_pim_food/126782_00_1.jpg
https://www.carrefour.es/supermercado/queso-mozzarella-italiana-galbani-125-g/R-521030592/p,Queso mozzarella Italiana Galbani 125 g.,"2,13 €",,"17,04 €/kg",,Productos Frescos,Quesos,Todos los Quesos,https://static.carrefour.es/hd_510x_/img_pim_food/066871_00_1.jpg
https://www.carrefour.es/supermercado/cepillo-dental-medio-vitis-2-ud/R-590510536/p,Cepillo dental medio Vitis 2 ud.,"8,89 €",,"4,44 €/ud",,Parafarmacia,Higiene Bucal,Cepillos y Seda,https://static.carrefour.es/hd_510x_/img_pim_food/715542_00_1.jpg
https://www.carrefour.es/supermercado/palillo-redondo-2-puntas-800-ud-madera/R-prod1130497/p,Palillo Redondo 2 puntas 800 ud - Madera,"2,05 €",,"2,05 €/ud",,Limpieza y Hogar,Menaje,Utensilios de Cocina,https://static.carrefour.es/hd_510x_/img_pim_food/175021_00_1.jpg
https://www.carrefour.es/supermercado/phoskitos-mini-8-ud/R-521007313/p,Phoskitos Mini 8 ud.,"2,99 €",,"23,00 €/kg",,La Despensa,"Panaderia, Bollería y Pastelería",Bollería,https://static.carrefour.es/hd_510x_/img_pim_food/395649_00_1.jpg
https://www.carrefour.es/supermercado/coca-cola-zero-azucar-pack-4-botellas-125-l/R-VC4AECOMM-500142/p,"Coca Cola zero azúcar pack 4 botellas 1,25 l.","5,59 €","4,60 €","1,12 €/l","0,92 €/l",Bebidas,Refrescos,Colas,https://static.carrefour.es/hd_510x_/img_pim_food/500142_00_1.jpg
https://www.carrefour.es/supermercado/energy-drink-ginseng-bebida-energetica-carrefour-lata-50-cl/R-808607594/p,Energy drink ginseng Bebida Energética Carrefour lata 50 cl.,"0,96 €",,"1,92 €/l",,Bebidas,Refrescos,Energéticas,https://static.carrefour.es/hd_510x_/img_pim_food/931577_00_1.jpg
https://www.carrefour.es/supermercado/colgador-wc-blue-activ-floral-bref-2-ud/R-prod222080/p,Colgador WC Blue Activ+ floral Bref 2 ud.,"4,05 €",,"40,50 €/kg",,Limpieza y Hogar,Productos para Baño,WC,https://static.carrefour.es/hd_510x_/img_pim_food/275172_00_1.jpg
https://www.carrefour.es/supermercado/set-de-alino-mediterraneo-capricho-andaluz-1-ud/R-729511482/p,Set de aliño mediterráneo Capricho Andaluz 1 ud.,"2,60 €",,"2,60 €/ud",,La Despensa,Alimentación,Aceites y vinagres,https://static.carrefour.es/hd_510x_/img_pim_food/677335_00_1.jpg
https://www.carrefour.es/supermercado/nectar-de-manzana-carrefour-brik-1-l/R-784208963/p,Néctar de manzana Carrefour brik 1 l.,"0,99 €",,"0,99 €/l",,Bebidas,Aguas y Zumos,Zumos no Refrigerados,https://static.carrefour.es/hd_510x_/img_pim_food/870672_00_1.jpg
https://www.carrefour.es/supermercado/pizza-mozzarella-ristorante-dr-oetker-sin-gluten-sin-lactosa-370-g/R-855700436/p,Pizza mozzarella Ristorante Dr. Oetker sin gluten sin lactosa 370 g.,"4,79 €",,"12,95 €/kg",,La Despensa,"Conservas, Sopas y Precocinados",Pizzas,https://static.carrefour.es/hd_510x_/img_pim_food/088347_00_1.jpg
https://www.carrefour.es/supermercado/detergente-en-capsulas-limpieza-profunda-fragancia-floral-power-caps-wipp-express-33-ud/R-VC4AECOMM-087623/p,Detergente en cápsulas limpieza profunda fragancia floral Power Caps Wipp Express 33 ud.,"14,35 €",,"0,43 €/lavado",,Limpieza y Hogar,Cuidado de la Ropa,Detergentes,https://static.carrefour.es/hd_510x_/img_pim_food/087623_00_1.jpg
https://www.carrefour.es/supermercado/limpiador-concentrado-para-marmol-granito-y-ceramica-las-3-brujas-1-l/R-814300113/p,"Limpiador concentrado para mármol, granito y cerámica Las 3 Brujas 1 l.","2,85 €",,"2,85 €/l",,Limpieza y Hogar,Productos para toda la casa,Suelos,https://static.carrefour.es/hd_510x_/img_pim_food/467235_00_1.jpg
https://www.carrefour.es/supermercado/mascarilla-capilar-intensiva-molecular-bond-repair-pro-v-miracles-pantene-300-ml/R-VC4AECOMM-312409/p,Mascarilla capilar intensiva Molecular Bond Repair Pro-V Miracles Pantene 300 ml.,"8,95 €",,"2,98 €/100ml",,Perfumería e Higiene,Cabello,Cuidado y Tratamientos del cabello,https://static.carrefour.es/hd_510x_/img_pim_food/312409_00_1.jpg
https://www.carrefour.es/supermercado/vino-blanco-gewurztraminer-vinas-del-vero-do-somontano-75-cl/R-546003545/p,Viñas Del Vero Col. Gewürztraminer Gewurtztraminer 2022,"11,25 €",,"11,25 €/ud",,Bebidas,Vinos,Blanco,https://static.carrefour.es/hd_510x_/img_pim_food/052367_00_1.jpg
https://www.carrefour.es/supermercado/barritas-tender-milk-milka-5-ud/R-VC4AECOMM-246108/p,Barritas Tender milk Milka 5 ud.,"3,29 €",,"17,78 €/kg",,La Despensa,"Panaderia, Bollería y Pastelería",Bollería,https://static.carrefour.es/hd_510x_/img_pim_food/246108_00_1.jpg
https://www.carrefour.es/supermercado/crema-de-noche-acido-hialuronico-clinians-50-ml/R-VC4AECOMM-345748/p,Crema de noche ácido hialurónico Clinians 50 ml.,"9,85 €",,"19,70 €/100ml",,Perfumería e Higiene,Cosmética,Rostro,https://static.carrefour.es/hd_510x_/img_pim_food/345748_00_1.jpg
https://www.carrefour.es/supermercado/desodorante-en-spray-antitranspirante-48h-invisible-ice-fresh-rexona-men-200-ml/R-521015229/p,Desodorante en spray antitranspirante 48h Invisible Ice Fresh Rexona Men 200 ml.,"2,69 €",,"1,34 €/100ml",,Perfumería e Higiene,Baño e Higiene Corporal,Desodorantes,https://static.carrefour.es/hd_510x_/img_pim_food/582805_00_1.jpg
https://www.carrefour.es/supermercado/sueno-aquilea-30-comprimidos/R-800038317/p,Sueño Aquilea 30 comprimidos.,"12,15 €",,"62,31 €/100g",,Parafarmacia,Nutrición y Dietética,Tratamientos Naturales,https://static.carrefour.es/hd_510x_/img_pim_food/904885_00_1.jpg
https://www.carrefour.es/supermercado/cepillo-neumatico-grande-ponette-1-ud/R-prod850111/p,Cepillo neumático grande Ponette 1 ud.,"2,25 €",,"2,25 €/ud",,Perfumería e Higiene,Cabello,"Cepillos, Peines y Accesorios",https://static.carrefour.es/hd_510x_/img_pim_food/374099_00_1.jpg
https://www.carrefour.es/supermercado/panales-premium-ultra-protect-carrefour-baby-t5-11kg-25kg-36-ud/R-prod980055/p,Pañales premium ultra protect Carrefour Baby T5 (11kg.-25kg) 36 ud.,"17,89 €",,"0,50 €/ud",,Bebé,Pañales y Toallitas,Pañales Carrefour Baby,https://static.carrefour.es/hd_510x_/img_pim_food/070952_00_1.jpg
https://www.carrefour.es/supermercado/smoothie-fresa-y-platano-carrefour-botella-25-cl/R-841500514/p,Smoothie fresa y plátano Carrefour botella 25 cl.,"1,79 €",,"7,16 €/l",,Bebidas,Aguas y Zumos,Zumos Refrigerados,https://static.carrefour.es/hd_510x_/img_pim_food/980204_00_1.jpg
https://www.carrefour.es/supermercado/dentifrico-blanqueador-ecologico-carrefour-soft-bio-75-ml/R-VC4AECOMM-215768/p,Dentífrico blanqueador ecológico Carrefour Soft Bio 75 ml.,"2,75 €",,"3,67 €/100ml",,Perfumería e Higiene,Boca y Sonrisa,Dentífricos,https://static.carrefour.es/hd_510x_/img_pim_food/215768_00_1.jpg
https://www.carrefour.es/supermercado/leche-fermentada-desnatada-con-melocoton-y-bifidus-danone-activia-sin-lactosa-pack-de-4-unidades-de-120-g/R-VC4AECOMM-500571/p,Leche fermentada desnatada con melocotón y bifidus Danone Activia sin lactosa pack de 4 unidades de 120 g.,"2,15 €",,"4,48 €/kg",,La Despensa,Yogures y Postres,Yogures Desnatados,https://static.carrefour.es/hd_510x_/img_pim_food/500571_00_1.jpg
https://www.carrefour.es/supermercado/tinto-de-verano-con-limon-la-casera-botella-15-l/R-520661447/p,"Tinto de verano con limón La Casera botella 1,5 l.","2,29 €",,"1,53 €/l",,,,,https://static.carrefour.es/hd_510x_/img_pim_food/703039_00_1.jpg
https://www.carrefour.es/supermercado/quinoa-real-blanca-y-roja-para-microondas-ecologica-carrefour-bio-pack-de-2-unidades-de-125-g/R-VC4AECOMM-652928/p,Quinoa Real blanca y roja para microondas ecológica Carrefour Bio pack de 2 unidades de 125 g.,"1,70 €",,"6,80 €/kg",,La Despensa,Alimentación,Arroz y Cous Cous,https://static.carrefour.es/hd_510x_/img_pim_food/652928_00_1.jpg
https://www.carrefour.es/supermercado/cafe-guatemala-en-capsulas-lor-espresso-compatible-con-nespresso-10-unidades-de-52-g/R-VC4AECOMM-486789/p,"Café Guatemala en cápsulas L'Or Espresso compatible con Nespresso 10 unidades de 5,2 g.","4,19 €",,"80,58 €/kg",,La Despensa,Desayuno,Cafés,https://static.carrefour.es/hd_510x_/img_pim_food/486789_00_1.jpg
https://www.carrefour.es/supermercado/apresto-instantaneo-para-planchado-spray-toke-500-ml/R-521001655/p,Apresto instantáneo para planchado spray Toke 500 ml.,"5,89 €",,"11,78 €/l",,Limpieza y Hogar,Cuidado de la Ropa,Agua de Plancha y Apresto,https://static.carrefour.es/hd_510x_/img_pim_food/000600_00_1.jpg
https://www.carrefour.es/supermercado/chicles-sabor-mentol-extremo-trident-sin-azucar-pack-de-4-unidades-de-145-g/R-VC4AECOMM-694152/p,"Chicles sabor mentol extremo Trident sin azúcar pack de 4 unidades de 14,5 g.","2,55 €",,"45,54 €/kg",,La Despensa,Dulce,Dulces y Golosinas,https://static.carrefour.es/hd_510x_/img_pim_food/694152_00_1.jpg
https://www.carrefour.es/supermercado/cerveza-rubia-18-70-botella-33-cl/R-VC4AECOMM-489249/p,Cerveza rubia 18/70 botella 33 cl.,"1,17 €",,"3,55 €/l",,Bebidas,Cerveza,Todas las Cervezas,https://static.carrefour.es/hd_510x_/img_pim_food/489249_00_1.jpg
https://www.carrefour.es/supermercado/vino-tinto-reserva-marques-de-riscal-doca-rioja-75-cl/R-520662526/p,Marques De Riscal Reserva 2020,"17,49 €",,"17,49 €/ud",,Bebidas,Vinos,Tinto,https://static.carrefour.es/hd_510x_/img_pim_food/007337_00_1.jpg
https://www.carrefour.es/supermercado/cafe-descafeinado-lungo-en-capsulas-nescafe-dolce-gusto-16-ud/R-526510961/p,Café descafeinado lungo en cápsulas Nescafé Dolce Gusto 16 ud.,"4,89 €",,"43,66 €/kg",,,,,https://static.carrefour.es/hd_510x_/img_pim_food/276206_00_1.jpg
https://www.carrefour.es/supermercado/falafel-a-base-de-garbanzos-y-hortalizas-vegano-garden-gourmet-190-g/R-fprod1460273/p,Falafel a base de garbanzos y hortalizas vegano Garden Gourmet 190 g.,"4,15 €",,"21,84 €/kg",,La Despensa,"Conservas, Sopas y Precocinados",Platos Preparados,https://static.carrefour.es/hd_510x_/img_pim_food/395327_00_1.jpg
https://www.carrefour.es/supermercado/galletas-con-pepitas-de-chocolate-extra-tiernas-chips-ahoy-182-g/R-797316538/p,Galletas con pepitas de chocolate extra tiernas Chips Ahoy 182 g.,"4,09 €",,"22,47 €/kg",,La Despensa,Desayuno,Galletas,https://static.carrefour.es/hd_510x_/img_pim_food/899668_00_1.jpg
https://www.carrefour.es/supermercado/perfumador-liquido-para-ropa-pink-asevi-720-ml/R-VC4AECOMM-689360/p,Perfumador líquido para ropa pink Asevi 720 ml.,"4,69 €",,"6,51 €/l",,Limpieza y Hogar,Cuidado de la Ropa,Suavizantes,https://static.carrefour.es/hd_510x_/img_pim_food/689360_00_1.jpg
https://www.carrefour.es/supermercado/barritas-de-chocolate-con-leche-y-crema-de-avellanas-kinder-bueno-pack-de-5-unidades-de-43-g/R-VC4AECOMM-142130/p,Barritas de chocolate con leche y crema de avellanas Kinder Bueno pack de 5 unidades de 43 g.,"4,89 €",,"22,74 €/kg",,,,,https://static.carrefour.es/hd_510x_/img_pim_food/142130_00_1.jpg
https://www.carrefour.es/supermercado/recambios-cepillo-bateria-universal-dual-zone-carrefour-soft-2-ud/R-VC4AECOMM-481976/p,Recambios cepillo batería universal Dual Zone Carrefour Soft 2 ud.,"6,45 €",,"3,22 €/ud",,Perfumería e Higiene,Boca y Sonrisa,"Cepillos, Recambios y Accesorios",https://static.carrefour.es/hd_510x_/img_pim_food/481976_00_1.jpg
https://www.carrefour.es/supermercado/caramelos-de-goma-favoritos-haribo-1-kg/R-VC4AECOMM-264517/p,Caramelos de goma Favoritos Haribo 1 kg.,"11,49 €",,"11,49 €/kg",,La Despensa,Dulce,Dulces y Golosinas,https://static.carrefour.es/hd_510x_/img_pim_food/264517_00_1.jpg
https://www.carrefour.es/supermercado/azucar-blanco-azucarera-1-kg/R-521004597/p,Azúcar blanco Azucarera 1 kg.,"1,52 €",,"1,52 €/kg",,La Despensa,Desayuno,Azúcar y Edulcorantes,https://static.carrefour.es/hd_510x_/img_pim_food/029065_00_1.jpg
https://www.carrefour.es/supermercado/paleta-de-cebo-iberica-50-raza-iberica-en-lonchas-valja-100-g/R-VC4AECOMM-083631/p,Paleta de Cebo Ibérica 50% Raza Ibérica en lonchas Valja 100 g,"5,39 €",,"53,90 €/kg",,Productos Frescos,Charcutería,Jamón Serrano e Ibérico Envasado,https://static.carrefour.es/hd_510x_/img_pim_food/083631_00_1.jpg
https://www.carrefour.es/supermercado/cerveza-san-miguel-magna-dorada-lager-pack-de-12-latas-de-33-cl/R-fprod1180068/p,Cerveza San Miguel Magna Dorada Lager pack de 12 latas de 33 cl.,"9,45 €",,"2,39 €/l",,Bebidas,Cerveza,Todas las Cervezas,https://static.carrefour.es/hd_510x_/img_pim_food/218190_00_1.jpg
https://www.carrefour.es/supermercado/harina-especial-para-fritos-y-rebozados-original-carrefour-1-kg/R-VC4AECOMM-034771/p,Harina especial para fritos y rebozados Original Carrefour 1 kg.,"1,40 €",,"1,40 €/kg",,La Despensa,Alimentación,Harinas y Levaduras,https://static.carrefour.es/hd_510x_/img_pim_food/034771_00_1.jpg
https://www.carrefour.es/supermercado/vino-tinto-reserva-tempranillo-faustino-v-do-ca-rioja-75-cl/R-520662522/p,Faustino V Tinto Reserva 2018,"9,95 €",,"9,95 €/ud",,Bebidas,Vinos,Tinto,https://static.carrefour.es/hd_510x_/img_pim_food/007749_00_1.jpg
https://www.carrefour.es/supermercado/patata-para-guarnicion-carrefour-1-kg/R-693401847/p,Patata para guarnición Carrefour 1 Kg,"1,75 €",,"1,75 €/kg",,Productos Frescos,Verduras y hortalizas,"Patatas, Cebollas y Ajos",https://static.carrefour.es/hd_510x_/img_pim_food/809256_00_1.jpg
https://www.carrefour.es/supermercado/preparado-para-tortitas-al-cacao-con-trocitos-de-chocolate-dr-oetker-doy-pack-210-g/R-VC4AECOMM-381049/p,Preparado para tortitas al cacao con trocitos de chocolate Dr. Oetker doy pack 210 g.,"3,45 €",,"16,43 €/kg",,,,,https://static.carrefour.es/hd_510x_/img_pim_food/381049_00_1.jpg
https://www.carrefour.es/supermercado/queso-idiazabal-de-nuestra-tierra-250-g/R-VC4AECOMM-392253/p,Queso Idiazabal De Nuestra Tierra 250 g,"8,75 €",,"35,00 €/kg",,Productos Frescos,Quesos,Todos los Quesos,https://static.carrefour.es/hd_510x_/img_pim_food/392253_00_1.jpg
https://www.carrefour.es/supermercado/atun-en-aceite-de-girasol-simpl-73-g/R-prod460683/p,Atún en aceite de girasol Simpl 73 g.,"1,08 €",,"14,79 €/kg",,La Despensa,"Conservas, Sopas y Precocinados",Conservas de Pescado y Marisco,https://static.carrefour.es/hd_510x_/img_pim_food/827718_00_1.jpg
https://www.carrefour.es/supermercado/cerveza-mahou-barrica-envejecida-edicion-original-botella-33-cl/R-858900436/p,Cerveza Mahou Barrica envejecida edición original botella 33 cl.,"2,25 €",,"6,82 €/l",,Bebidas,Cerveza,Rubia,https://static.carrefour.es/hd_510x_/img_pim_food/118674_00_1.jpg
https://www.carrefour.es/supermercado/estuche-de-2-botellas-de-vino-tinto-roble-protos-do-ribera-del-duero-75-cl/R-730010761/p,Estuche 2 Bot. Protos Tinto Roble 2022,"18,39 €",,"18,39 €/ud",,,,,https://static.carrefour.es/hd_510x_/img_pim_food/679284_00_1.jpg
https://www.carrefour.es/supermercado/bogavante-americano-entero-cocido-extra-carrefour-350-g/R-VC4AECOMM-424272/p,Bogavante americano entero cocido Extra Carrefour 350 g.,"17,25 €",,"49,29 €/kg",,Congelados,Mariscos Congelados,,https://static.carrefour.es/hd_510x_/img_pim_food/424272_00_1.jpg
https://www.carrefour.es/supermercado/agua-de-colonia-n-23-para-mujer-caravan-150-ml/R-808554967/p,Agua de colonia nº 23 para mujer Caravan 150 ml.,"10,89 €",,"7,26 €/100ml",,Perfumería e Higiene,Baño e Higiene Corporal,Colonias,https://static.carrefour.es/hd_510x_/img_pim_food/887526_00_1.jpg
https://www.carrefour.es/supermercado/coca-cola-light-pack-2-botellas-2-l/R-530604664/p,Coca Cola light pack 2 botellas 2 l.,"3,90 €",,"0,97 €/l",,Bebidas,Refrescos,Colas,https://static.carrefour.es/hd_510x_/img_pim_food/481168_00_1.jpg
https://www.carrefour.es/supermercado/puerros-sin-sal-anadida-carrefour-400-g/R-prod1160174/p,Puerros sin sal añadida Carrefour 400 g.,"5,19 €",,"12,97 €/kg",,La Despensa,"Conservas, Sopas y Precocinados",Conservas de Vegetales,https://static.carrefour.es/hd_510x_/img_pim_food/206033_00_1.jpg
https://www.carrefour.es/supermercado/pan-burger-con-semillas-de-sesamo-classic-carrefour-4-ud/R-521007176/p,Pan burger con semillas de sésamo Classic´ Carrefour 4 ud.,"0,99 €",,"4,50 €/kg",,La Despensa,"Panaderia, Bollería y Pastelería",Pan Perrito y Burguer,https://static.carrefour.es/hd_510x_/img_pim_food/230242_00_1.jpg
https://www.carrefour.es/supermercado/coloracion-permanente-n-66-rojo-intenso-garnier-color-sensation-1-ud/R-652602070/p,"Coloración Permanente nº 6,6 Rojo Intenso Garnier Color Sensation 1 ud.","3,49 €",,"3,49 €/ud",,Perfumería e Higiene,Cabello,Tinte,https://static.carrefour.es/hd_510x_/img_pim_food/169390_00_1.jpg
https://www.carrefour.es/supermercado/barritas-de-pan-crujientes-con-verduras-carrefour-pack-de-2-unidades-de-90-g/R-VC4AECOMM-727886/p,Barritas de pan crujientes con verduras Carrefour pack de 2 unidades de 90 g.,"2,09 €",,"11,61 €/kg",,La Despensa,"Panaderia, Bollería y Pastelería","Pan tostado, Biscottes y Barritas",https://static.carrefour.es/hd_510x_/img_pim_food/727886_00_1.jpg
https://www.carrefour.es/supermercado/crema-para-el-cuidado-facial-cuello-y-escote-xhekpon-40-ml/R-679501693/p,"Crema para el cuidado facial, cuello y escote Xhekpon 40 ml.","9,59 €",,"23,98 €/100ml",,Parafarmacia,Cuidado e higiene facial,Cremas faciales,https://static.carrefour.es/hd_510x_/img_pim_food/057277_00_1.jpg
https://www.carrefour.es/supermercado/jengibre-molido-carmencita-sin-gluten-37-g/R-528412780/p,Jengibre molido Carmencita sin gluten 37 g.,"2,29 €",,"65,43 €/kg",,La Despensa,Alimentación,Especias y Sazonadores,https://static.carrefour.es/hd_510x_/img_pim_food/146407_00_1.jpg
https://www.carrefour.es/supermercado/chorizo-iberico-extra-en-sarta-circulo-de-calidad-300-g/R-662501743/p,Chorizo ibérico extra en sarta Círculo de Calidad 300 g,"7,39 €",,"24,63 €/kg",,Productos Frescos,Charcutería,"Chorizo, Lomo y Otros",https://static.carrefour.es/hd_510x_/img_pim_food/313061_00_1.jpg
https://www.carrefour.es/supermercado/parches-gel-para-los-ojos-con-purpurina-morado-idc-institute-2-ud/R-VC4AECOMM-332509/p,Parches gel para los ojos con purpurina morado Idc Institute 2 ud.,"1,13 €",,"0,56 €/ud",,Perfumería e Higiene,Cosmética,Ojos,https://static.carrefour.es/hd_510x_/img_pim_food/332509_00_1.jpg
https://www.carrefour.es/supermercado/recambios-maquinilla-fusion5-gillette-11-ud/R-VC4AECOMM-629244/p,Recambios maquinilla Fusion5 Gillette 11 ud.,"47,70 €",,"4,34 €/ud",,Perfumería e Higiene,Depilación y Afeitado,Maquinillas y Recambios,https://static.carrefour.es/hd_510x_/img_pim_food/629244_00_1.jpg
https://www.carrefour.es/supermercado/maiz-para-palomitas-carrefour-500-g/R-521003640/p,Maíz para palomitas Carrefour 500 g.,"1,66 €",,"3,32 €/kg",,La Despensa,Aperitivos,Palomitas,https://static.carrefour.es/hd_510x_/img_pim_food/640654_00_1.jpg
https://www.carrefour.es/supermercado/chocolate-con-grageas-paraguas-lacasitos-sin-gluten-5-ud/R-prod231360/p,Chocolate con grageas Paraguas Lacasitos sin gluten 5 ud.,"3,49 €",,"63,45 €/kg",,La Despensa,Dulce,Dulces y Golosinas,https://static.carrefour.es/hd_510x_/img_pim_food/284503_00_1.jpg
https://www.carrefour.es/supermercado/set-3-bandejas-para-cocinar-de-aluminio-carrefour/R-VC4AECOMM-702696/p,Set 3 Bandejas para Cocinar de Aluminio CARREFOUR,"4,39 €",,"4,39 €/ud",,Limpieza y Hogar,Menaje,Vajillas y Vasos,https://static.carrefour.es/hd_510x_/img_pim_food/702696_00_1.jpg
https://www.carrefour.es/supermercado/ambientador-automatico-flor-de-cerezo-recambio-essential-carrefour-1-ud/R-VC4AECOMM-655010/p,Ambientador automático flor de cerezo recambio Essential Carrefour 1 ud.,"1,75 €",,"7,00 €/l",,Limpieza y Hogar,Ambientadores,Automáticos,https://static.carrefour.es/hd_510x_/img_pim_food/655010_00_1.jpg
https://www.carrefour.es/supermercado/alcohol-etilico-96-carrefour-250-ml/R-VC4AECOMM-156257/p,Alcohol etílico 96º Carrefour 250 ml.,"0,72 €",,"0,29 €/100ml",,Parafarmacia,Botiquín,Antisépticos y Talcos,https://static.carrefour.es/hd_510x_/img_pim_food/156257_00_1.jpg
https://www.carrefour.es/supermercado/guisantes-muy-tiernos-carrefour-classic-300-g/R-589702176/p,Guisantes muy tiernos Carrefour Classic 300 g.,"0,99 €",,"3,30 €/kg",,Congelados,Verduras Congeladas,,https://static.carrefour.es/hd_510x_/img_pim_food/306855_00_1.jpg
https://www.carrefour.es/supermercado/papel-higienico-humedo-junior-jumbo-scottex-76-ud/R-753307807/p,Papel higiénico húmedo Junior Jumbo Scottex 76 ud.,"3,25 €",,"0,04 €/ud",,Limpieza y Hogar,Papel y Celulosa,Papel Higiénico,https://static.carrefour.es/hd_510x_/img_pim_food/751589_00_1.jpg
https://www.carrefour.es/supermercado/san-jacobo-tenedor-de-plata-320-g/R-VC4AECOMM-385213/p,San jacobo Tenedor de Plata 320 g.,"1,28 €",,"4,00 €/kg",,Congelados,Rebozados y Platos Preparados,,https://static.carrefour.es/hd_510x_/img_pim_food/385213_00_1.jpg
https://www.carrefour.es/supermercado/judias-verdes-troceadas-al-natural-la-hacienda-de-ybarra-360-g/R-521005918/p,Judías verdes troceadas al natural La Hacienda de Ybarra 360 g.,"1,92 €",,"5,33 €/kg",,La Despensa,"Conservas, Sopas y Precocinados",Conservas de Vegetales,https://static.carrefour.es/hd_510x_/img_pim_food/222928_00_1.jpg
https://www.carrefour.es/supermercado/pate-suave-de-higado-de-cerdo-la-piara-sin-gluten-y-sin-lactosa-pack-de-2-unidades-de-75-g/R-680601805/p,Paté suave de hígado de cerdo La Piara sin gluten y sin lactosa pack de 2 unidades de 75 g.,"1,50 €",,"10,00 €/kg",,Productos Frescos,Charcutería,"Foie, Patés y Sobrasadas",https://static.carrefour.es/hd_510x_/img_pim_food/064901_00_1.jpg
https://www.carrefour.es/supermercado/leche-de-inicio-blemil-plus-1-forte-1200-g/R-818300721/p,Leche de inicio Blemil Plus 1 Forte 1200 g.,"35,70 €",,"29,75 €/kg",,Parafarmacia,Bebé,Leche infantil,https://static.carrefour.es/hd_510x_/img_pim_food/952710_00_1.jpg
https://www.carrefour.es/supermercado/braky-pilots-pollo-y-malta-110-grs/R-prod880251/p,Braky Pilots Pollo y Malta 110 grs,"2,29 €",,"20,82 €/kg",,Mascotas,Gatos,Premios y Snacks,https://static.carrefour.es/hd_510x_/img_pim_food/990775_00_1.jpg
https://www.carrefour.es/supermercado/dentifrico-antiplaca-y-anticaries-de-uso-diario-con-fluor-lacer-200-ml/R-671801791/p,Dentífrico antiplaca y anticaries de uso diario con flúor Lacer 200 ml.,"8,89 €",,"4,44 €/100ml",,Parafarmacia,Higiene Bucal,Pasta de dientes,https://static.carrefour.es/hd_510x_/img_pim_food/337529_00_1.jpg
https://www.carrefour.es/supermercado/sopa-juliana-deshidratada-trevijano-100-g/R-600709204/p,Sopa juliana deshidratada Trevijano 100 g,"2,44 €",,"24,40 €/kg",,Productos Frescos,Verduras y hortalizas,Ensaladas y Verduras Preparadas,https://static.carrefour.es/hd_510x_/img_pim_food/286804_00_1.jpg
https://www.carrefour.es/supermercado/te-rooibos-con-especias-en-bolsitas-hornimans-20-ud/R-521003161/p,Té Rooibos con especias en bolsitas Hornimans 20 ud.,"2,89 €",,"96,33 €/kg",,La Despensa,Desayuno,Infusiones y Tés,https://static.carrefour.es/hd_510x_/img_pim_food/515014_00_1.jpg
https://www.carrefour.es/supermercado/mini-empanadillas-de-atun-carrefour-400-g/R-521033830/p,Mini empanadillas de atún Carrefour 400 g.,"1,56 €",,"3,90 €/kg",,Congelados,Rebozados y Platos Preparados,,https://static.carrefour.es/hd_510x_/img_pim_food/234536_00_1.jpg
https://www.carrefour.es/supermercado/tarrito-de-suprema-de-merluza-con-arroz-desde-6-meses-nutriben-potitos-sin-gluten-235-g/R-VC4AECOMM-407244/p,Tarrito de suprema de merluza con arroz desde 6 meses Nutribén Potitos sin gluten 235 g.,"1,69 €",,"7,19 €/kg",,Bebé,Alimentación infantil,Tarritos y Platos Preparados,https://static.carrefour.es/hd_510x_/img_pim_food/407244_00_1.jpg
https://www.carrefour.es/supermercado/panales-agatha-ruiz-de-la-prada-ultra-dry-talla-5-12-20-kg-84-ud-exclusivo-carrefour/R-VC4AECOMM-195777/p,Pañales Agatha Ruiz de la Prada Ultra Dry Talla 5 (12-20 kg) 84 ud. Exclusivo Carrefour,"22,00 €",,"0,26 €/ud",,Bebé,Pañales y Toallitas,Pañales Agatha Ruiz de la Prada,https://static.carrefour.es/hd_510x_/img_pim_food/195777_00_1.jpg
https://www.carrefour.es/supermercado/snacks-hierba-gatera-para-gatos-catisfactions-60-g/R-VC4AECOMM-374185/p,Snacks hierba gatera para gatos Catisfactions 60 g.,"1,99 €",,"0,03 €/g",,Mascotas,Gatos,Premios y Snacks,https://static.carrefour.es/hd_510x_/img_pim_food/374185_00_1.jpg
https://www.carrefour.es/supermercado/nachos-flaminhot-doritos-75-g/R-VC4AECOMM-394298/p,Nachos Flamin'hot Doritos 75 g.,"1,56 €",,"20,80 €/kg",,La Despensa,Aperitivos,Snacks,https://static.carrefour.es/hd_510x_/img_pim_food/394298_00_1.jpg
https://www.carrefour.es/supermercado/empanadilla-de-marisco-carrefour-420-g/R-VC4AECOMM-424288/p,Empanadilla de marisco Carrefour 420 g.,"3,99 €",,"9,50 €/kg",,Congelados,Rebozados y Platos Preparados,,https://static.carrefour.es/hd_510x_/img_pim_food/424288_00_1.jpg
https://www.carrefour.es/supermercado/caramelo-sabor-naranja-y-menta-sin-azucar-ricola-50-g/R-590508080/p,Caramelo sabor naranja y menta sin azúcar Ricola 50 g.,"2,89 €",,"5,78 €/100g",,Parafarmacia,Botiquín,Tos y Garganta,https://static.carrefour.es/hd_510x_/img_pim_food/549893_00_1.jpg
https://www.carrefour.es/supermercado/berlinas-nubes-carrefour-4-ud/R-767508183/p,Berlinas nubes Carrefour 4 ud,"2,95 €",,"0,74 €/ud",,Productos Frescos,Panadería Tradicional,Bollería Tradicional,https://static.carrefour.es/hd_510x_/img_pim_food/775660_00_1.jpg
https://www.carrefour.es/supermercado/limpiador-multiusos-blanco-en-crema-cif-750-ml/R-521001248/p,Limpiador multiusos blanco en crema Cif 750 ml.,"3,35 €",,"4,47 €/l",,Limpieza y Hogar,Productos para toda la casa,Limpiacristales y Multiusos,https://static.carrefour.es/hd_510x_/img_pim_food/000665_00_1.jpg
https://www.carrefour.es/supermercado/champu-y-acondicionador-anticaspa-2-en-1-classic-hs-330-ml/R-VC4AECOMM-336885/p,Champú y acondicionador anticaspa 2 en 1 Classic H&S 330 ml.,"5,45 €",,"1,65 €/100ml",,Perfumería e Higiene,Cabello,Acondicionadores,https://static.carrefour.es/hd_510x_/img_pim_food/336885_00_1.jpg
https://www.carrefour.es/supermercado/recambios-maquinilla-fusion5-power-gillette-8-ud/R-VC4AECOMM-629218/p,Recambios maquinilla Fusion5 Power Gillette 8 ud.,"41,00 €",,"5,12 €/ud",,Perfumería e Higiene,Depilación y Afeitado,Maquinillas y Recambios,https://static.carrefour.es/hd_510x_/img_pim_food/629218_00_1.jpg
https://www.carrefour.es/supermercado/alubia-granja-la-cochura-500-g/R-VC4AECOMM-592673/p,Alubia granja La Cochura 500 g.,"3,32 €",,"6,64 €/kg",,La Despensa,Alimentación,Legumbres,https://static.carrefour.es/hd_510x_/img_pim_food/592673_00_1.jpg
https://www.carrefour.es/supermercado/salsa-pesto-alla-genovese-barilla-tarro-190-g/R-522713802/p,Salsa pesto alla genovese Barilla tarro 190 g.,"2,79 €",,"14,68 €/kg",,La Despensa,Alimentación,Salsas y Tomate Frito,https://static.carrefour.es/hd_510x_/img_pim_food/231082_00_1.jpg
https://www.carrefour.es/supermercado/caramelos-blanco-sabor-sandia-dipper-xl-vidal-sin-gluten-157-g/R-VC4AECOMM-480273/p,Caramelos blanco sabor sandía Dipper XL Vidal sin gluten 157 g.,"2,45 €",,"15,61 €/kg",,,,,https://static.carrefour.es/hd_510x_/img_pim_food/480273_00_1.jpg
https://www.carrefour.es/supermercado/medallones-de-filete-de-merluza-pescanova-400-g/R-521031253/p,Medallones de filete de merluza Pescanova 400 g.,"7,19 €",,"17,97 €/kg",,Congelados,Pescados Congelados,,https://static.carrefour.es/hd_510x_/img_pim_food/208200_00_1.jpg
https://www.carrefour.es/supermercado/tarrito-de-lentejas-con-verduritas-desde-8-meses-ecologico-carrefour-baby-bio-pack-de-2-unidades-de-200-g/R-VC4AECOMM-432836/p,Tarrito de lentejas con verduritas desde 8 meses ecológico Carrefour Baby Bio pack de 2 unidades de 200 g,"2,69 €",,"6,72 €/kg",,Bebé,Alimentación infantil,Tarritos y Platos Preparados,https://static.carrefour.es/hd_510x_/img_pim_food/432836_00_1.jpg
https://www.carrefour.es/supermercado/queso-de-mezcla-tierno-bajo-en-sal-el-ventero-550-g/R-VC4AECOMM-685412/p,Queso de mezcla tierno bajo en sal El Ventero 550 g,"12,33 €",,"22,42 €/kg",,Productos Frescos,Quesos,Todos los Quesos,https://static.carrefour.es/hd_510x_/img_pim_food/685412_00_1.jpg
https://www.carrefour.es/supermercado/cerveza-ambar-lager-especial-sin-gluten-lata-33-cl/R-816214809/p,Cerveza Ambar Lager especial sin gluten lata 33 cl.,"0,90 €",,"2,73 €/l",,Bebidas,Cerveza,Todas las Cervezas,https://static.carrefour.es/hd_510x_/img_pim_food/947313_00_1.jpg
https://www.carrefour.es/supermercado/queso-rallado-mix-simpl-200-g/R-VC4AECOMM-252673/p,Queso rallado mix Simpl 200 g.,"1,53 €",,"7,65 €/kg",,Productos Frescos,Quesos,Todos los Quesos,https://static.carrefour.es/hd_510x_/img_pim_food/252673_00_1.jpg
https://www.carrefour.es/supermercado/datiles-acondicionados-dnour-frit-ravich-500-g/R-VC4AECOMM-499962/p,Dátiles acondicionados Dnour Frit Ravich 500 g.,"3,05 €",,"6,10 €/kg",,La Despensa,Aperitivos,Frutas Desecadas,https://static.carrefour.es/hd_510x_/img_pim_food/499962_00_1.jpg
https://www.carrefour.es/supermercado/batido-de-cacao-shake-carrefour-250-ml/R-prod780163/p,Batido de cacao shake Carrefour 250 ml.,"0,72 €",,"2,88 €/l",,La Despensa,Lácteos,Listo para beber,https://static.carrefour.es/hd_510x_/img_pim_food/864313_00_1.jpg
https://www.carrefour.es/supermercado/jamon-cocido-extra-corte-fino-charcutero-la-selva-sin-gluten-y-sin-lactosa-90-g/R-prod971020/p,Jamón Cocido Extra corte fino charcutero La Selva sin gluten y sin lactosa 90 g,"3,05 €",,"30,50 €/kg",,Productos Frescos,Charcutería,Jamón Cocido y Lacón,https://static.carrefour.es/hd_510x_/img_pim_food/362768_00_1.jpg
https://www.carrefour.es/supermercado/bifidus-cremoso-de-fresa-danone-activia-sin-gluten-pack-de-4-unidades-de-115-g/R-VC4AECOMM-016047/p,Bífidus cremoso de fresa Danone Activia sin gluten pack de 4 unidades de 115 g.,"1,98 €",,"4,30 €/kg",,La Despensa,Yogures y Postres,Bífidus,https://static.carrefour.es/hd_510x_/img_pim_food/016047_00_1.jpg
https://www.carrefour.es/supermercado/boquerones-carrefour-sin-gluten-350-g/R-VC4AECOMM-497219/p,Boquerones Carrefour sin gluten 350 g.,"6,09 €",,"17,40 €/kg",,La Despensa,"Conservas, Sopas y Precocinados",Conservas de Pescado y Marisco,https://static.carrefour.es/hd_510x_/img_pim_food/497219_00_1.jpg
https://www.carrefour.es/supermercado/zumo-de-uva-roja-granada-y-grosella-carrefour-seleccion-exprimido-botella75-cl/R-578501590/p,"Zumo de uva roja, granada y grosella Carrefour Selección exprimido botella75 cl.","1,95 €",,"2,60 €/l",,Bebidas,Aguas y Zumos,Zumos Refrigerados,https://static.carrefour.es/hd_510x_/img_pim_food/288853_00_1.jpg
https://www.carrefour.es/supermercado/zumo-de-pinamanzana-y-uva-don-simon-brik-1-l/R-520660801/p,"Zumo de piña,manzana y uva Don Simón brik 1 l.","1,89 €",,"1,89 €/l",,Bebidas,Aguas y Zumos,Zumos no Refrigerados,https://static.carrefour.es/hd_510x_/img_pim_food/000101_00_1.jpg
https://www.carrefour.es/supermercado/quesadilla-cheesy-york-elpozo-160-g/R-VC4AECOMM-393326/p,Quesadilla cheesy york ElPozo 160 g.,"2,29 €",,"14,31 €/kg",,La Despensa,"Conservas, Sopas y Precocinados",Platos Preparados,https://static.carrefour.es/hd_510x_/img_pim_food/393326_00_1.jpg
https://www.carrefour.es/supermercado/miel-de-bosque-la-obrera-950-g/R-VC4AECOMM-408408/p,Miel de bosque La Obrera 950 g.,"12,39 €",,"13,04 €/kg",,La Despensa,Dulce,Miel,https://static.carrefour.es/hd_510x_/img_pim_food/408408_00_1.jpg
https://www.carrefour.es/supermercado/cafe-soluble-descafeinado-nescafe-classic-300-g/R-521003077/p,Café soluble descafeinado Nescafé Classic 300 g.,"9,95 €",,"33,17 €/kg",,La Despensa,Desayuno,Cafés,https://static.carrefour.es/hd_510x_/img_pim_food/643313_00_1.jpg
https://www.carrefour.es/supermercado/yogur-natural-desnatado-con-leche-de-cabra-pasteurizada-ecologica-carrefour-bio-420-g/R-526501424/p,Yogur natural desnatado con leche de cabra pasteurizada ecológica Carrefour Bio 420 g,"3,09 €","2,59 €","7,36 €/kg","6,17 €/kg",La Despensa,Yogures y Postres,Yogur Natural y Sabores,https://static.carrefour.es/hd_510x_/img_pim_food/721179_00_1.jpg
https://www.carrefour.es/supermercado/maiz-dulce-ecologico-carrefour-bio-160-g/R-529043203/p,Maíz dulce ecológico Carrefour Bio 160 g.,"1,48 €",,"9,25 €/kg",,La Despensa,"Conservas, Sopas y Precocinados",Conservas de Vegetales,https://static.carrefour.es/hd_510x_/img_pim_food/081858_00_1.jpg
https://www.carrefour.es/supermercado/desodorante-roll-on-invisible-for-black-white-fresh-nivea-50-ml/R-792400215/p,Desodorante roll-on invisible For Black & White Fresh Nivea 50 ml.,"2,15 €",,"4,30 €/100ml",,Perfumería e Higiene,Baño e Higiene Corporal,Desodorantes,https://static.carrefour.es/hd_510x_/img_pim_food/889415_00_1.jpg
https://www.carrefour.es/supermercado/barra-de-pan-rustica-multicereales-rebanada-400-g/R-543201980/p,Barra de pan rústica multicereales rebanada 400 g,"2,35 €",,"5,87 €/kg",,Productos Frescos,Panadería Tradicional,Pan Tradicional,https://static.carrefour.es/hd_510x_/img_pim_food/796468_00_1.jpg
https://www.carrefour.es/supermercado/gnocchetti-de-patata-rummo-500-g/R-VC4AECOMM-360254/p,Gnocchetti de patata Rummo 500 g,"4,55 €",,"9,10 €/kg",,La Despensa,Alimentación,Pastas,https://static.carrefour.es/hd_510x_/img_pim_food/360254_00_1.jpg
https://www.carrefour.es/supermercado/roll-on-con-purpurina-martinelia-1-ud/R-VC4AECOMM-678070/p,Roll on con purpurina Martinelia 1 ud.,"2,55 €",,"2,55 €/ud",,Perfumería e Higiene,Cuidado y Protección Corporal,Piel,https://static.carrefour.es/hd_510x_/img_pim_food/678070_00_1.jpg
https://www.carrefour.es/supermercado/queso-fresco-artesano-de-oveja-flor-de-esgueva-250-g/R-791562913/p,Queso fresco artesano de oveja Flor de Esgueva 250 g.,"5,15 €",,"20,60 €/kg",,Productos Frescos,Quesos,Todos los Quesos,https://static.carrefour.es/hd_510x_/img_pim_food/887240_00_1.jpg
https://www.carrefour.es/supermercado/bebida-de-almendra-ecomil-sin-gluten-y-sin-azucar-brik-1-l/R-691605973/p,Bebida de almendra EcoMil sin gluten y sin azúcar brik 1 l.,"3,55 €",,"3,55 €/l",,La Despensa,Lácteos,Bebida Vegetal,https://static.carrefour.es/hd_510x_/img_pim_food/082195_00_1.jpg
https://www.carrefour.es/supermercado/galletas-relieve-classic-carrefour-700-g/R-521002678/p,Galletas relieve Classic Carrefour 700 g.,"1,57 €",,"2,24 €/kg",,La Despensa,Desayuno,Galletas,https://static.carrefour.es/hd_510x_/img_pim_food/228284_00_1.jpg
https://www.carrefour.es/supermercado/bizcocho-de-coco-con-16-proteina-lindahls-nestle-3-ud/R-VC4AECOMM-240688/p,Bizcocho de coco con 16% proteína Lindahls Nestle 3 ud,"3,25 €",,"27,08 €/kg",,La Despensa,"Panaderia, Bollería y Pastelería",Bollería,https://static.carrefour.es/hd_510x_/img_pim_food/240688_00_1.jpg
https://www.carrefour.es/supermercado/panales-dodot-cuidado-total-t1-2-5-kg-50-ud/R-VC4AECOMM-361578/p,Pañales Dodot Cuidado Total T1 (2-5 kg) 50 ud.,"27,00 €",,"0,54 €/ud",,Bebé,Pañales y Toallitas,Pañales Dodot,https://static.carrefour.es/hd_510x_/img_pim_food/361578_00_1.jpg
https://www.carrefour.es/supermercado/chupete-anatomico-de-latex-desde-12-meses-suavinex-2-ud/R-663301851/p,Chupete anatómico de látex desde 12 meses Suavinex 2 ud.,"7,79 €",,"3,89 €/ud",,Parafarmacia,Bebé,Puericultura,https://static.carrefour.es/hd_510x_/img_pim_food/314924_00_1.jpg
https://www.carrefour.es/supermercado/croquetas-de-jamon-carrefour-500-g/R-VC4AECOMM-690584/p,Croquetas de jamón Carrefour 500 g.,"1,19 €",,"2,38 €/kg",,Congelados,Rebozados y Platos Preparados,,https://static.carrefour.es/hd_510x_/img_pim_food/690584_00_1.jpg
https://www.carrefour.es/supermercado/pate-de-higado-de-cerdo-picante-tapa-negra-la-piara-pack-de-2-unidades-de-73-g/R-530363558/p,Paté de hígado de cerdo picante Tapa Negra La Piara pack de 2 unidades de 73 g.,"4,15 €",,"28,42 €/kg",,Productos Frescos,Charcutería,"Foie, Patés y Sobrasadas",https://static.carrefour.es/hd_510x_/img_pim_food/170807_00_1.jpg
https://www.carrefour.es/supermercado/bebida-isotonica-carrefour-sin-gas-sabor-naranja-botella-15-l/R-657201697/p,"Bebida Isotónica Carrefour sin gas sabor naranja botella 1,5 l.","0,98 €",,"0,65 €/l",,Bebidas,Refrescos,Isotónicas,https://static.carrefour.es/hd_510x_/img_pim_food/309183_00_1.jpg
https://www.carrefour.es/supermercado/serum-facial-bakuchiol-puro-x10-expert-lift-cellular-nivea-30-ml/R-VC4AECOMM-263492/p,Sérum facial Bakuchiol Puro x10 Expert Lift Cellular Nivea 30 ml.,"21,40 €",,"71,33 €/100ml",,Perfumería e Higiene,Cosmética,Rostro,https://static.carrefour.es/hd_510x_/img_pim_food/263492_00_1.jpg
https://www.carrefour.es/supermercado/foie-gras-de-pato-martiko-pack-de-2-unidades-de-40-g/R-VC4AECOMM-710297/p,Foie gras de pato Martiko pack de 2 unidades de 40 g,"6,99 €",,"87,37 €/kg",,Productos Frescos,Charcutería,"Foie, Patés y Sobrasadas",https://static.carrefour.es/hd_510x_/img_pim_food/710297_00_1.jpg
https://www.carrefour.es/supermercado/kas-naranja-pack-de-9-latas-de-33-cl/R-VC4AECOMM-398661/p,Kas naranja pack de 9 latas de 33 cl.,"6,89 €",,"2,32 €/l",,Bebidas,Refrescos,Sabores con Gas,https://static.carrefour.es/hd_510x_/img_pim_food/398661_00_1.jpg
https://www.carrefour.es/supermercado/copos-de-cereales-con-chocolate-carrefour-bio-375-g/R-VC4AECOMM-659814/p,Copos de cereales con chocolate Carrefour Bio 375 g.,"2,45 €",,"6,53 €/kg",,La Despensa,Desayuno,Cereales,https://static.carrefour.es/hd_510x_/img_pim_food/659814_00_1.jpg
https://www.carrefour.es/supermercado/chocolate-con-leche-con-galleta-oreo-milka-92-g/R-prod730090/p,Chocolate con leche con galleta oreo Milka 92 g.,"1,69 €",,"18,37 €/kg",,La Despensa,Dulce,Bombones y Chocolates,https://static.carrefour.es/hd_510x_/img_pim_food/853598_00_1.jpg
https://www.carrefour.es/supermercado/jarabe-tos-respiratorio-respok-puressentiel-125-ml/R-VC4AECOMM-383608/p,Jarabe tos respiratorio RespOk Puressentiel 125 ml.,"11,09 €",,"8,87 €/100ml",,Parafarmacia,Botiquín,Tos y Garganta,https://static.carrefour.es/hd_510x_/img_pim_food/383608_00_1.jpg
https://www.carrefour.es/supermercado/zumo-de-manzana-pera-y-frutos-rojos-carrefour-1-l/R-VC4AECOMM-717135/p,"Zumo de manzana, pera y frutos rojos Carrefour 1 l","4,03 €",,"4,03 €/l",,Bebidas,Aguas y Zumos,Zumos Refrigerados,https://static.carrefour.es/hd_510x_/img_pim_food/717135_00_1.jpg
https://www.carrefour.es/supermercado/multivitaminico-y-multimineral-en-comprimidos-mujer-50-multicentrum-sin-gluten-30-ud/R-791634984/p,Multivitamínico y multimineral en comprimidos Mujer 50+ Multicentrum sin gluten 30 ud.,"13,65 €",,"27,86 €/100g",,Parafarmacia,Nutrición y Dietética,Complementos Vitamínicos,https://static.carrefour.es/hd_510x_/img_pim_food/887630_00_1.jpg
https://www.carrefour.es/supermercado/chocolate-negro-relleno-de-menta-carrefour-classic-sin-gluten-100-g/R-prod1160059/p,Chocolate negro relleno de menta Carrefour Classic sin gluten 100 g.,"1,31 €",,"13,10 €/kg",,,,,https://static.carrefour.es/hd_510x_/img_pim_food/205518_00_1.jpg
https://www.carrefour.es/supermercado/champu-gotas-de-brillo-para-cabellos-mas-brillantes-suaves-y-sedosos-johnsons-baby-500-ml/R-prod1120669/p,"Champú gotas de brillo para cabellos más brillantes, suaves y sedosos Johnson's Baby 500 ml.","4,65 €",,"0,93 €/100ml",,Bebé,Perfumería e Higiene,Champú,https://static.carrefour.es/hd_510x_/img_pim_food/175509_00_1.jpg
https://www.carrefour.es/supermercado/bolsita-de-fruta-mediterranea-mi-futa-hero-sin-gluten-y-sin-azucar-anadido-100-g/R-748813084/p,Bolsita de fruta mediterránea Mi Futa Hero sin gluten y sin azúcar añadido 100 g.,"1,20 €","1,00 €","12,00 €/kg","10,00 €/kg",Bebé,Alimentación infantil,"Postres, Zumos, Petit y Yogures Infantiles",https://static.carrefour.es/hd_510x_/img_pim_food/758354_00_1.jpg
https://www.carrefour.es/supermercado/galletas-de-mantequilla-con-tableta-de-chocolate-blanco-carrefour-150-g/R-657801753/p,Galletas de mantequilla con tableta de chocolate blanco Carrefour 150 g.,"1,16 €",,"7,73 €/kg",,La Despensa,Desayuno,Galletas,https://static.carrefour.es/hd_510x_/img_pim_food/309989_00_1.jpg
https://www.carrefour.es/supermercado/tarta-de-tiramisu-600-g/R-VC4AECOMM-482871/p,Tarta de tiramisú 600 g,"9,90 €",,"16,50 €/kg",,Productos Frescos,Panadería Tradicional,Pastelería y Repostería,https://static.carrefour.es/hd_510x_/img_pim_food/482871_00_1.jpg
https://www.carrefour.es/supermercado/edulcorante-liquido-a-base-de-sucralosa-canderel-125-ml/R-VC4AECOMM-465365/p,Edulcorante líquido a base de sucralosa Canderel 125 ml.,"4,35 €",,"34,80 €/l",,La Despensa,Desayuno,Azúcar y Edulcorantes,https://static.carrefour.es/hd_510x_/img_pim_food/465365_00_1.jpg
https://www.carrefour.es/supermercado/angula-monte-deshidratada-bandeja-30-g/R-prod220636/p,Angula monte deshidratada bandeja 30 g,"6,82 €",,"227,33 €/kg",,Productos Frescos,Verduras y hortalizas,Setas y Hongos,https://static.carrefour.es/hd_510x_/img_pim_food/286620_00_1.jpg
https://www.carrefour.es/supermercado/pan-de-molde-50-blanco-y-50-integral-bimbo-480-g/R-VC4AECOMM-190422/p,Pan de molde 50% blanco y 50% integral Bimbo 480 g.,"2,45 €",,"5,10 €/kg",,La Despensa,"Panaderia, Bollería y Pastelería",Pan de Molde,https://static.carrefour.es/hd_510x_/img_pim_food/190422_00_1.jpg
https://www.carrefour.es/supermercado/vermut-zarro-blanco-15-l/R-795705130/p,"Vermut Zarro blanco 1,5 l.","5,95 €",,"3,97 €/l",,,,,https://static.carrefour.es/hd_510x_/img_pim_food/896526_00_1.jpg
https://www.carrefour.es/supermercado/vinagre-de-manzana-carrefour-1-l/R-520660380/p,Vinagre de manzana Carrefour 1 l.,"0,80 €",,"0,80 €/l",,La Despensa,Alimentación,Aceites y vinagres,https://static.carrefour.es/hd_510x_/img_pim_food/607296_00_1.jpg
https://www.carrefour.es/supermercado/infusion-de-curcuma-con-te-matcha-en-bolsitas-hornimans-20-ud/R-fprod1260126/p,Infusión de cúrcuma con té matcha en bolsitas Hornimans 20 ud.,"2,89 €",,"96,33 €/kg",,La Despensa,Desayuno,Infusiones y Tés,https://static.carrefour.es/hd_510x_/img_pim_food/318871_00_1.jpg
https://www.carrefour.es/supermercado/barritas-de-cereales-con-chocolate-negro-sin-azucar-anadido-bicentury-sarialis-sin-gluten-pack-de-6-unidades-de-145-g/R-542002255/p,"Barritas de cereales con chocolate negro sin azúcar añadido Bicentury Sarialís sin gluten pack de 6 unidades de 14,5 g.","3,35 €",,"32,84 €/kg",,La Despensa,Desayuno,Barritas,https://static.carrefour.es/hd_510x_/img_pim_food/179315_00_1.jpg
https://www.carrefour.es/supermercado/piquitos-con-ajonjoli-con-aceite-de-oliva-de-nuestra-tierra-200-g/R-521002641/p,Piquitos con ajonjolí con aceite de oliva De Nuestra Tierra 200 g.,"1,39 €",,"6,95 €/kg",,La Despensa,"Panaderia, Bollería y Pastelería","Colines, picos y crakers",https://static.carrefour.es/hd_510x_/img_pim_food/344625_00_1.jpg
https://www.carrefour.es/supermercado/galletas-de-avena-con-chocolate-negro-ecologicas-carrefour-bio-200-g/R-VC4AECOMM-133877/p,Galletas de avena con chocolate negro ecológicas Carrefour Bio 200 g.,"2,19 €",,"10,95 €/kg",,La Despensa,Desayuno,Galletas,https://static.carrefour.es/hd_510x_/img_pim_food/133877_00_1.jpg
https://www.carrefour.es/supermercado/margarina-light-con-aceite-de-oliva-carrefour-500-g/R-prod830315/p,Margarina light con aceite de oliva Carrefour 500 g.,"2,59 €",,"5,18 €/kg",,La Despensa,Lácteos,Mantequillas y Margarinas,https://static.carrefour.es/hd_510x_/img_pim_food/298377_00_1.jpg
https://www.carrefour.es/supermercado/cafe-soluble-cappuccino-chocolate-carrefour-extra-144-g/R-521003096/p,Café soluble cappuccino chocolate Carrefour Extra 144 g.,"2,75 €",,"19,10 €/kg",,,,,https://static.carrefour.es/hd_510x_/img_pim_food/693875_00_1.jpg
https://www.carrefour.es/supermercado/tinte-classic-7n-rubio-farmatint-1-ud/R-590507706/p,Tinte Classic 7N Rubio Farmatint 1 ud.,"9,29 €",,"9,29 €/ud",,Parafarmacia,Cabello,Tintes,https://static.carrefour.es/hd_510x_/img_pim_food/541544_00_1.jpg
https://www.carrefour.es/supermercado/bebida-de-almendra-calcio-sin-azucar-anadido-carrefour-sin-gluten-brik-1-l/R-VC4AECOMM-554219/p,Bebida de almendra calcio sin azúcar añadido Carrefour sin gluten brik 1 l.,"1,30 €",,"1,30 €/l",,La Despensa,Lácteos,Bebida Vegetal,https://static.carrefour.es/hd_510x_/img_pim_food/554219_00_1.jpg
https://www.carrefour.es/supermercado/salchichas-frankfurt-el-pozo-sin-gluten-pack-de-3-unidades-160-g/R-VC4AECOMM-199849/p,Salchichas Frankfurt El Pozo sin gluten pack de 3 unidades 160 g,"1,99 €",,"4,15 €/kg",,Productos Frescos,Charcutería,Salchichas,https://static.carrefour.es/hd_510x_/img_pim_food/199849_00_1.jpg
https://www.carrefour.es/supermercado/cafe-molido-natural-saimaza-gran-seleccion-250-g/R-521002960/p,Café molido natural Saimaza Gran Selección 250 g.,"4,99 €",,"19,96 €/kg",,La Despensa,Desayuno,Cafés,https://static.carrefour.es/hd_510x_/img_pim_food/020303_00_1.jpg
https://www.carrefour.es/supermercado/2-guantes-especial-lejia-de-nitrilo-carrefour-p-verde/R-818900250/p,2 Guantes especial lejía de Nitrilo Carrefour P - Verde,"2,15 €",,"2,15 €/ud",,Limpieza y Hogar,Utensilios de Limpieza,Guantes,https://static.carrefour.es/hd_510x_/img_pim_food/947078_00_1.jpg
https://www.carrefour.es/supermercado/queso-gruyere-carrrefour-200-g/R-VC4AECOMM-681368/p,Queso Gruyère Carrrefour 200 g,"3,49 €",,"17,45 €/kg",,Productos Frescos,Quesos,Todos los Quesos,https://static.carrefour.es/hd_510x_/img_pim_food/681368_00_1.jpg
https://www.carrefour.es/supermercado/gafa-presbicia-ojo-gato-circular-100-colores-varios-1-ud/R-VC4AECOMM-039370/p,Gafa presbicia ojo gato circular +1.00 colores varios 1 ud.,"15,35 €",,"15,35 €/ud",,Parafarmacia,Botiquín,Lentillas y Sueros,https://static.carrefour.es/hd_510x_/img_pim_food/039370_00_1.jpg
https://www.carrefour.es/supermercado/chorizo-extra-dulce-carrefour-sin-gluten-280-g/R-VC4AECOMM-709826/p,Chorizo extra dulce Carrefour sin gluten 280 g.,"2,55 €","2,45 €","9,11 €/kg","8,75 €/kg",Productos Frescos,Charcutería,"Chorizo, Lomo y Otros",https://static.carrefour.es/hd_510x_/img_pim_food/709826_00_1.jpg
https://www.carrefour.es/supermercado/mermelada-de-melocoton-categoria-extra-carrefour-410-g/R-521003428/p,Mermelada de melocotón categoría extra Carrefour 410 g.,"1,44 €",,"3,51 €/kg",,La Despensa,Dulce,"Mermeladas, Membrillos y Compotas",https://static.carrefour.es/hd_510x_/img_pim_food/228275_00_1.jpg
https://www.carrefour.es/supermercado/mascarilla-capilar-reparadora-de-aguacate-y-karite-nectar-of-beauty-les-cosmetiques-300-ml/R-VC4AECOMM-599882/p,Mascarilla capilar reparadora de aguacate y karité Nectar of Beauty Les Cosmétiques 300 ml.,"2,35 €",,"0,78 €/100ml",,Perfumería e Higiene,Cabello,Cuidado y Tratamientos del cabello,https://static.carrefour.es/hd_510x_/img_pim_food/599882_00_1.jpg
https://www.carrefour.es/supermercado/galletas-con-miel-yayitas-250-g/R-521002893/p,Galletas con miel Yayitas 250 g.,"2,65 €",,"10,60 €/kg",,La Despensa,Desayuno,Galletas,https://static.carrefour.es/hd_510x_/img_pim_food/001697_00_1.jpg
https://www.carrefour.es/supermercado/vino-tinto-joven-armegil-do-ribera-guadiana-75-cl/R-prod1130639/p,Vino tinto joven Armegil D.O. Ribera Guadiana 75 cl.,"2,35 €",,"2,35 €/ud",,Bebidas,Vinos,Tinto,https://static.carrefour.es/hd_510x_/img_pim_food/189405_00_1.jpg
https://www.carrefour.es/supermercado/sidra-el-gaitero-achampanada-extra-botella-sin-gluten-75-cl/R-520662253/p,Sidra El Gaitero achampanada extra botella sin gluten 75 cl.,"3,29 €",,"4,39 €/l",,Bebidas,Sidra,Achampanada,https://static.carrefour.es/hd_510x_/img_pim_food/022149_00_1.jpg
https://www.carrefour.es/supermercado/boquerones-en-vinagre-de-nuestra-tierra-140-g/R-prod1110060/p,Boquerones en vinagre De Nuestra Tierra 140 g,"4,40 €",,"44,00 €/kg",,Productos Frescos,Pescadería,Ahumados y Huevas,https://static.carrefour.es/hd_510x_/img_pim_food/150142_00_1.jpg
https://www.carrefour.es/supermercado/desmaquillante-solido-con-aceite-de-ricino-ecologico-carrefour-soft-40-g/R-VC4AECOMM-080653/p,Desmaquillante sólido con aceite de ricino ecológico Carrefour Soft 40 g.,"4,59 €",,"11,47 €/100g",,Perfumería e Higiene,Cuidado y Protección Corporal,Limpieza Facial,https://static.carrefour.es/hd_510x_/img_pim_food/080653_00_1.jpg
https://www.carrefour.es/supermercado/queso-tierno-en-lonchas-el-ventero-sin-lactosa-140-g/R-725602107/p,Queso tierno en lonchas El Ventero sin lactosa 140 g.,"3,72 €",,"26,57 €/kg",,Productos Frescos,Quesos,Tierno,https://static.carrefour.es/hd_510x_/img_pim_food/661240_00_1.jpg
https://www.carrefour.es/supermercado/varitas-de-merluza-empanadas-congeladas-carrefour-400-g/R-fprod1450155/p,Varitas de merluza empanadas congeladas Carrefour 400 g,"3,95 €",,"9,87 €/kg",,Productos Frescos,Pescadería,Preparados y elaborados de Pescado y Marisco,https://static.carrefour.es/hd_510x_/img_pim_food/381513_00_1.jpg
https://www.carrefour.es/supermercado/garbanzos-cocidos-al-natural-carrefour-210-g/R-VC4AECOMM-551496/p,Garbanzos cocidos al natural Carrefour 210 g.,"0,63 €",,"3,00 €/kg",,La Despensa,Alimentación,Legumbres,https://static.carrefour.es/hd_510x_/img_pim_food/551496_00_1.jpg
https://www.carrefour.es/supermercado/minipizza-de-atun-buitoni-270-g/R-521031369/p,Minipizza de atún Buitoni 270 g.,"4,19 €",,"15,52 €/kg",,Congelados,Pizzas Congeladas,,https://static.carrefour.es/hd_510x_/img_pim_food/678673_00_1.jpg
https://www.carrefour.es/supermercado/maquinilla-para-hombre-3-hojas-system-3-carrefour-men-1-ud/R-VC4AECOMM-484621/p,Maquinilla para hombre 3 hojas System 3 Carrefour Men 1 ud.,"2,69 €",,"2,69 €/ud",,Perfumería e Higiene,Depilación y Afeitado,Maquinillas y Recambios,https://static.carrefour.es/hd_510x_/img_pim_food/484621_00_1.jpg
https://www.carrefour.es/supermercado/queso-cheddar-en-lonchas-carrefour-200-g/R-521030715/p,Queso cheddar en lonchas Carrefour 200 g.,"1,85 €",,"9,25 €/kg",,Productos Frescos,Quesos,Otros Internacionales,https://static.carrefour.es/hd_510x_/img_pim_food/695537_00_1.jpg
https://www.carrefour.es/supermercado/pierna-de-cordero-lechal-carrefour-el-mercado-650-g-aprox/R-fprod1460343/p,Pierna de cordero lechal Carrefour El Mercado 650 g aprox,"15,53 €",,"23,90 €/kg",,Productos Frescos,Carnicería,Cordero,https://static.carrefour.es/hd_510x_/img_pim_food/397479_00_1.jpg
https://www.carrefour.es/supermercado/bonito-del-norte-en-aceite-de-oliva-virgen-extra-carrefour-72-g/R-521006205/p,Bonito del norte en aceite de oliva virgen extra Carrefour 72 g.,"2,85 €",,"39,58 €/kg",,La Despensa,"Conservas, Sopas y Precocinados",Conservas de Pescado y Marisco,https://static.carrefour.es/hd_510x_/img_pim_food/457556_00_1.jpg
https://www.carrefour.es/supermercado/crema-facial-hidratacion-intensa-piel-seca-spf-20-ureadin-50-ml/R-590508500/p,Crema facial hidratación intensa piel seca SPF 20 Ureadin 50 ml.,"21,60 €",,"43,20 €/100ml",,Parafarmacia,Cuidado e higiene facial,Cremas faciales,https://static.carrefour.es/hd_510x_/img_pim_food/552503_00_1.jpg
https://www.carrefour.es/supermercado/licor-de-mora-rives-sin-alcohol-70-cl/R-520663066/p,Licor de mora Rives sin alcohol 70 cl.,"5,45 €",,"7,79 €/l",,Bebidas,Licores y Cremas,Licores Sin Alcohol,https://static.carrefour.es/hd_510x_/img_pim_food/033367_00_1.jpg
https://www.carrefour.es/supermercado/nuggets-veganos-garden-gourmet-200-g/R-VC4AECOMM-495365/p,Nuggets veganos Garden Gourmet 200 g.,"4,15 €",,"20,75 €/kg",,La Despensa,"Conservas, Sopas y Precocinados",Platos Preparados,https://static.carrefour.es/hd_510x_/img_pim_food/495365_00_1.jpg
https://www.carrefour.es/supermercado/hamburguesa-de-vacuno-wagyu-santa-rosalia-2x150-g/R-740504225/p,Hamburguesa de Vacuno Wagyu Santa Rosalía 2x150 g,"8,75 €",,"29,17 €/kg",,Productos Frescos,Carnicería,Hamburguesas,https://static.carrefour.es/hd_510x_/img_pim_food/714399_00_1.jpg
https://www.carrefour.es/supermercado/vino-tinto-joven-puerta-de-alcala-do-madrid-75-cl/R-521012978/p,Puerta De Alcala Tinto 2022,"3,29 €",,"3,29 €/ud",,Bebidas,Vinos,Tinto,https://static.carrefour.es/hd_510x_/img_pim_food/026534_00_1.jpg
https://www.carrefour.es/supermercado/preparado-lacteo-infantil-de-crecimiento-con-cereales-de-12-a-36-meses-puleva-peques-3-brik-1-l/R-521028710/p,Preparado lácteo infantil de crecimiento con cereales de 12 a 36 meses Puleva Peques 3 brik 1 l.,"1,89 €",,"1,89 €/l",,Bebé,Alimentación infantil,Leches Infantiles,https://static.carrefour.es/hd_510x_/img_pim_food/705355_00_1.jpg
https://www.carrefour.es/supermercado/pastel-marmol-tia-merry-400-g/R-590209133/p,Pastel mármol Tia Merry 400 g.,"3,99 €",,"9,97 €/kg",,La Despensa,"Panaderia, Bollería y Pastelería",Bollería,https://static.carrefour.es/hd_510x_/img_pim_food/256388_00_1.jpg
https://www.carrefour.es/supermercado/queso-mozzarella-di-bufala-campana-galbani-125-g/R-521033787/p,Queso mozzarella di bufala campana Galbani 125 g.,"3,83 €",,"30,64 €/kg",,Productos Frescos,Quesos,Todos los Quesos,https://static.carrefour.es/hd_510x_/img_pim_food/196268_00_1.jpg
https://www.carrefour.es/supermercado/dentifrico-sensitive-expert-carrefour-soft-75-ml/R-fprod1460602/p,Dentífrico Sensitive Expert Carrefour Soft 75 ml.,"1,13 €",,"1,51 €/100ml",,Perfumería e Higiene,Boca y Sonrisa,Dentífricos,https://static.carrefour.es/hd_510x_/img_pim_food/403269_00_1.jpg
https://www.carrefour.es/supermercado/caella-1-kg-aprox/R-628108314/p,Caella 1 Kg aprox,"9,99 €",,,,Productos Frescos,Pescadería,Pescado Fresco,https://static.carrefour.es/hd_510x_/img_pim_food/234648_00_1.jpg
https://www.carrefour.es/supermercado/infusion-sabor-frambuesa-en-bolsitas-colesterol-susaron-10-ud/R-VC4AECOMM-434198/p,Infusión sabor frambuesa en bolsitas Colesterol Susarón 10 ud.,"2,15 €",,"165,38 €/kg",,,,,https://static.carrefour.es/hd_510x_/img_pim_food/434198_00_1.jpg
https://www.carrefour.es/supermercado/pan-de-gamba-80-g/R-525955778/p,Pan de gamba 80 g,"2,85 €",,"2,85 €/ud",,La Despensa,Aperitivos,Snacks,https://static.carrefour.es/hd_510x_/img_pim_food/601882_00_1.jpg
https://www.carrefour.es/supermercado/galletas-rellenas-de-cacao-carrefour-classic-sin-gluten-120-g/R-VC4AECOMM-730875/p,Galletas rellenas de cacao Carrefour Classic sin gluten 120 g.,"2,45 €",,"20,42 €/kg",,La Despensa,Desayuno,Galletas,https://static.carrefour.es/hd_510x_/img_pim_food/730875_00_1.jpg
https://www.carrefour.es/supermercado/galletas-campurrianas-con-pepitas-de-chocolate-cuetara-350-g/R-VC4AECOMM-270903/p,Galletas Campurrianas con pepitas de chocolate Cuétara 350 g.,"3,95 €",,"11,29 €/kg",,La Despensa,Desayuno,Galletas,https://static.carrefour.es/hd_510x_/img_pim_food/270903_00_1.jpg
https://www.carrefour.es/supermercado/chocolate-praline-para-reposteria-nestle-postres-170-g/R-fprod1460183/p,Chocolate praliné para repostería Nestlé Postres 170 g.,"3,69 €",,"21,71 €/kg",,La Despensa,Dulce,Bombones y Chocolates,https://static.carrefour.es/hd_510x_/img_pim_food/392024_00_1.jpg
https://www.carrefour.es/supermercado/regaliz-de-goma-sabor-fresa-y-nata-ritmo-vidal-290-g/R-prod62128/p,Regaliz de goma sabor fresa y nata Ritmo Vidal 290 g.,"4,49 €",,"14,97 €/kg",,La Despensa,Dulce,Dulces y Golosinas,https://static.carrefour.es/hd_510x_/img_pim_food/978950_00_1.jpg
https://www.carrefour.es/supermercado/gelatina-sabor-fresa-royal-sin-azucar-anadido-31-g/R-845300431/p,Gelatina sabor fresa Royal sin azúcar añadido 31 g.,"3,19 €",,"102,90 €/kg",,La Despensa,Dulce,Repostería,https://static.carrefour.es/hd_510x_/img_pim_food/006161_00_1.jpg
https://www.carrefour.es/supermercado/crema-facial-acido-glicolico-renovacion-celular-hidratacion-intensa-antiedad-babaria-50-ml/R-VC4AECOMM-074857/p,Crema facial ácido glicólico renovación celular hidratación intensa antiedad Babaria 50 ml.,"6,29 €",,"12,58 €/100ml",,Perfumería e Higiene,Cuidado y Protección Corporal,Piel,https://static.carrefour.es/hd_510x_/img_pim_food/074857_00_1.jpg
https://www.carrefour.es/supermercado/barritas-de-chocolate-con-leche-galleta-y-caramelo-twix-minis-227-g/R-VC4AECOMM-169737/p,"Barritas de chocolate con leche, galleta y caramelo Twix Minis 227 g.","4,15 €",,"18,28 €/kg",,La Despensa,Dulce,Bombones y Chocolates,https://static.carrefour.es/hd_510x_/img_pim_food/169737_00_1.jpg
https://www.carrefour.es/supermercado/tiras-de-maiz-sabor-barbacoa-carrefour-150-g/R-521003798/p,Tiras de maíz sabor barbacoa Carrefour 150 g.,"0,75 €",,"5,00 €/kg",,La Despensa,Aperitivos,Snacks,https://static.carrefour.es/hd_510x_/img_pim_food/799025_00_1.jpg
https://www.carrefour.es/supermercado/tortitas-de-maiz-sabor-jamon-iberico-bicentury-124-g/R-prod68891/p,Tortitas de maíz sabor jamón ibérico Bicentury 124 g.,"2,45 €",,"19,76 €/kg",,La Despensa,Aperitivos,Tortitas,https://static.carrefour.es/hd_510x_/img_pim_food/195224_00_1.jpg
https://www.carrefour.es/supermercado/puntilla-limpia-cruda-congelada-delfin-450-g/R-prod971329/p,Puntilla limpia cruda congelada Delfín 450 g.,"5,19 €",,"11,53 €/kg",,Congelados,"Pulpo, Calamar y Sepia Congelados",,https://static.carrefour.es/hd_510x_/img_pim_food/064172_00_1.jpg
https://www.carrefour.es/supermercado/acondicionador-frizz-control-pro-v-miracles-pantene-160-ml/R-VC4AECOMM-312403/p,Acondicionador Frizz Control Pro-V Miracles Pantene 160 ml.,"4,49 €",,"2,81 €/100ml",,Perfumería e Higiene,Cabello,Acondicionadores,https://static.carrefour.es/hd_510x_/img_pim_food/312403_00_1.jpg
https://www.carrefour.es/supermercado/rollitos-primavera-carrefour-225-g/R-600804476/p,Rollitos primavera Carrefour 225 g.,"1,17 €",,"5,20 €/kg",,Congelados,Rebozados y Platos Preparados,,https://static.carrefour.es/hd_510x_/img_pim_food/363485_00_1.jpg
https://www.carrefour.es/supermercado/espuma-rizos-definidos-pantene-pro-v-300-ml/R-VC4AECOMM-119151/p,Espuma rizos definidos Pantene Pro-V 300 ml.,"5,59 €",,"1,86 €/100ml",,Perfumería e Higiene,Cabello,Fijadores,https://static.carrefour.es/hd_510x_/img_pim_food/119151_00_1.jpg
https://www.carrefour.es/supermercado/cafe-latte-starbucks-220-ml/R-716101857/p,Café latte Starbucks 220 ml.,"2,09 €",,"9,50 €/l",,La Despensa,Lácteos,Listo para beber,https://static.carrefour.es/hd_510x_/img_pim_food/492139_00_1.jpg
https://www.carrefour.es/supermercado/jabon-de-manos-en-pastilla-con-extractos-de-oliva-moisture-care-olive-naturals-palmolive-pack-de-3-unidades-de-90-g/R-624601860/p,Jabón de manos en pastilla con extractos de oliva Moisture Care Olive Naturals Palmolive pack de 3 unidades de 90 g.,"2,39 €",,"0,89 €/100g",,Perfumería e Higiene,Baño e Higiene Corporal,Jabón de Manos,https://static.carrefour.es/hd_510x_/img_pim_food/716302_00_1.jpg
https://www.carrefour.es/supermercado/cafe-americano-en-capsulas-nescafe-dolce-gusto-16-ud/R-814144579/p,Café americano en cápsulas Nescafé Dolce Gusto 16 ud.,"4,89 €",,"30,56 €/kg",,La Despensa,Desayuno,Cafés,https://static.carrefour.es/hd_510x_/img_pim_food/944409_00_1.jpg
https://www.carrefour.es/supermercado/panales-dodot-bebe-seco-t3-7-11-kg-66-ud/R-VC4AECOMM-799279/p,Pañales Dodot bebé-seco T3+ (7-11 kg) 66 ud.,"28,80 €",,"0,44 €/ud",,Bebé,Pañales y Toallitas,Pañales Dodot,https://static.carrefour.es/hd_510x_/img_pim_food/799279_00_1.jpg
https://www.carrefour.es/supermercado/mermelada-de-frambuesa-cero-azucar-refinado-la-vieja-fabrica-sin-gluten-280-g/R-prod1170042/p,Mermelada de frambuesa cero azúcar refinado La Vieja Fábrica sin gluten 280 g.,"3,25 €",,"11,61 €/kg",,La Despensa,Dulce,"Mermeladas, Membrillos y Compotas",https://static.carrefour.es/hd_510x_/img_pim_food/213695_00_1.jpg
https://www.carrefour.es/supermercado/coloracion-permanente-n-635-rubio-caramelo-garnier-color-sensation-1-ud/R-652602066/p,"Coloración Permanente nº 6,35 Rubio Caramelo Garnier Color Sensation 1 ud.","3,49 €",,"3,49 €/ud",,Perfumería e Higiene,Cabello,Tinte,https://static.carrefour.es/hd_510x_/img_pim_food/169381_00_1.jpg
https://www.carrefour.es/supermercado/endulzante-en-sobres-truvia-sin-gluten-80-unidades-de-1-g/R-641402263/p,Endulzante en sobres Truvia sin gluten 80 unidades de 1 g.,"4,35 €",,"36,25 €/kg",,La Despensa,Desayuno,Azúcar y Edulcorantes,https://static.carrefour.es/hd_510x_/img_pim_food/813681_00_1.jpg
https://www.carrefour.es/supermercado/mango-dulce-pataks-sin-gluten-tarro-340-g/R-639501655/p,Mango dulce Patak's sin gluten tarro 340 g.,"4,89 €",,"14,38 €/kg",,La Despensa,Alimentación,Salsas y Tomate Frito,https://static.carrefour.es/hd_510x_/img_pim_food/034770_00_1.jpg
https://www.carrefour.es/supermercado/vitakraft-virutas-de-roedores-60l/R-fprod1310117/p,Vitakraft Virutas de Roedores 60L,"5,49 €",,"5,49 €/ud",,Mascotas,Conejos y roedores,Accesorios e Higiene,https://static.carrefour.es/hd_510x_/img_pim_food/333941_00_1.jpg
https://www.carrefour.es/supermercado/gel-limpiador-facial-flor-de-loto-carrefour-soft-150-ml/R-VC4AECOMM-147697/p,Gel limpiador facial flor de loto Carrefour Soft 150 ml.,"1,52 €",,"1,01 €/100ml",,Perfumería e Higiene,Cuidado y Protección Corporal,Limpieza Facial,https://static.carrefour.es/hd_510x_/img_pim_food/147697_00_1.jpg
https://www.carrefour.es/supermercado/maquinillas-desechables-sensor3-comfort-gillette-3-ud/R-521000928/p,Maquinillas desechables Sensor3 Comfort Gillette 3 ud.,"4,59 €",,"1,15 €/ud",,Perfumería e Higiene,Depilación y Afeitado,Maquinillas y Recambios,https://static.carrefour.es/hd_510x_/img_pim_food/504017_00_1.jpg
https://www.carrefour.es/supermercado/bacon-sabor-ahumado-en-tiras-carrefour-el-mercado-sin-gluten-pack-de-2-unidades-de-100-g/R-VC4AECOMM-710259/p,Bacón sabor ahumado en tiras Carrefour El Mercado sin gluten pack de 2 unidades de 100 g,"1,95 €",,"9,75 €/kg",,Ofertas,,,https://static.carrefour.es/hd_510x_/img_pim_food/710259_00_1.jpg
https://www.carrefour.es/supermercado/queso-brie-60-mg-carrefour-200-g/R-VC4AECOMM-685912/p,Queso brie 60% M.G Carrefour 200 g,"1,60 €",,"8,00 €/kg",,Productos Frescos,Quesos,Brie y Camembert,https://static.carrefour.es/hd_510x_/img_pim_food/685912_00_1.jpg
https://www.carrefour.es/supermercado/ginebra-puerto-de-indias-lemonberry-70-cl/R-VC4AECOMM-262810/p,Ginebra Puerto de Indias lemonberry 70 cl.,"16,89 €",,"24,13 €/l",,Bebidas,Alcoholes,Ginebra,https://static.carrefour.es/hd_510x_/img_pim_food/262810_00_1.jpg
https://www.carrefour.es/supermercado/chicles-de-hierbabuena-sin-azucar-clix-sin-gluten-pack-de-3-unidades-de-156-g/R-VC4AECOMM-609575/p,"Chicles de hierbabuena sin azúcar Clix sin gluten pack de 3 unidades de 15,6 g.","1,70 €",,"36,96 €/kg",,La Despensa,Dulce,Dulces y Golosinas,https://static.carrefour.es/hd_510x_/img_pim_food/609575_00_1.jpg
https://www.carrefour.es/supermercado/comida-para-loros-vitakraft-1-kg/R-720861373/p,Comida para loros Vitakraft 1 Kg,"3,99 €",,"3,99 €/kg",,Mascotas,Pájaros,Pienso para pájaros,https://static.carrefour.es/hd_510x_/img_pim_food/361799_00_1.jpg
https://www.carrefour.es/supermercado/crema-de-queso-camembert-carrefour-extra-sin-gluten-125-g/R-VC4AECOMM-549840/p,Crema de queso camembert Carrefour Extra sin gluten 125 g.,"1,36 €",,"10,88 €/kg",,Productos Frescos,Quesos,Todos los Quesos,https://static.carrefour.es/hd_510x_/img_pim_food/549840_00_1.jpg
https://www.carrefour.es/supermercado/leche-fermentada-semidesnatada-multifrutas-danone-actimel-pack-de-6-unidades-de-100-g/R-VC4AECOMM-500575/p,Leche fermentada semidesnatada multifrutas Danone Actimel pack de 6 unidades de 100 g.,"3,99 €","3,79 €","6,65 €/kg","6,32 €/kg",La Despensa,Yogures y Postres,Yogures Líquidos,https://static.carrefour.es/hd_510x_/img_pim_food/500575_00_1.jpg
https://www.carrefour.es/supermercado/champagne-charles-de-courance-brut-375-cl/R-546003571/p,"Champagne Charles de Courance brut 37,5 cl.","13,29 €",,"13,29 €/ud",,,,,https://static.carrefour.es/hd_510x_/img_pim_food/103501_00_1.jpg
https://www.carrefour.es/supermercado/puntillas-de-calamar-limpia-sin-pluma-carrefour-450-g/R-VC4AECOMM-476702/p,Puntillas de calamar limpia sin pluma Carrefour 450 g,"4,79 €",,"10,64 €/kg",,Congelados,"Pulpo, Calamar y Sepia Congelados",,https://static.carrefour.es/hd_510x_/img_pim_food/476702_00_1.jpg
https://www.carrefour.es/supermercado/vino-tinto-crianza-tempranillo-lan-doca-rioja-75-cl/R-520662395/p,Lan Tinto Crianza 2021,"8,49 €",,"8,49 €/ud",,Bebidas,Vinos,Tinto,https://static.carrefour.es/hd_510x_/img_pim_food/174888_00_1.jpg
https://www.carrefour.es/supermercado/cerveza-1906-red-vintage-la-colorada-pack-de-6-botellas-33-cl/R-692808528/p,Cerveza 1906 red vintage La Colorada pack de 6 botellas 33 cl.,"7,79 €",,"3,93 €/l",,Bebidas,Cerveza,Tostada - Roja,https://static.carrefour.es/hd_510x_/img_pim_food/088215_00_1.jpg
https://www.carrefour.es/supermercado/refresco-de-limon-trina-sin-gas-lata-33-cl/R-520660626/p,Refresco de limón Trina sin gas lata 33 cl.,"0,71 €",,"2,15 €/l",,Bebidas,Refrescos,Sabores sin Gas,https://static.carrefour.es/hd_510x_/img_pim_food/760875_00_1.jpg
https://www.carrefour.es/supermercado/aceitunas-verdes-rellenas-de-jalapeno-picaras-la-espanola-sin-gluten-130-g/R-VC4AECOMM-023207/p,Aceitunas verdes rellenas de jalapeño Pícaras La Española sin gluten 130 g.,"3,05 €",,"23,46 €/kg",,La Despensa,Aperitivos,Aceitunas y Encurtidos,https://static.carrefour.es/hd_510x_/img_pim_food/023207_00_1.jpg
https://www.carrefour.es/supermercado/barritas-de-chocolate-rellenas-de-leche-classic-carrefour-125-g/R-VC4AECOMM-006566/p,Barritas de chocolate rellenas de leche Classic Carrefour 125 g.,"1,13 €",,"9,04 €/kg",,,,,https://static.carrefour.es/hd_510x_/img_pim_food/006566_00_1.jpg
https://www.carrefour.es/supermercado/crema-de-cacao-y-leche-con-avellanas-nocilla-sin-gluten-y-sin-azucar-anadido-180-g/R-VC4AECOMM-511374/p,Crema de cacao y leche con avellanas Nocilla sin gluten y sin azúcar añadido 180 g.,"3,09 €","2,89 €","17,17 €/kg","16,06 €/kg",La Despensa,Dulce,"Cremas de Cacao, Avellana y Cacahuete",https://static.carrefour.es/hd_510x_/img_pim_food/511374_00_1.jpg
https://www.carrefour.es/supermercado/ambientador-un-toque-lavanda-recambio-glade-by-brise-2-ud/R-521028635/p,Ambientador un toque Lavanda recambio Glade by brise 2 ud.,"7,59 €",,"7,59 €/ud",,Limpieza y Hogar,Ambientadores,Un Toque,https://static.carrefour.es/hd_510x_/img_pim_food/561472_00_1.jpg
https://www.carrefour.es/supermercado/mantequilla-tradicional-central-lechera-asturiana-250-g/R-521030137/p,Mantequilla tradicional Central Lechera Asturiana 250 g.,"3,75 €",,"15,00 €/kg",,La Despensa,Lácteos,Mantequillas y Margarinas,https://static.carrefour.es/hd_510x_/img_pim_food/002890_00_1.jpg
https://www.carrefour.es/supermercado/champu-molecular-bond-repair-pro-v-miracles-pantene-250-ml/R-VC4AECOMM-312412/p,Champú Molecular Bond Repair Pro-V Miracles Pantene 250 ml.,"6,75 €",,"2,70 €/100ml",,Perfumería e Higiene,Cabello,Champús,https://static.carrefour.es/hd_510x_/img_pim_food/312412_00_1.jpg
https://www.carrefour.es/supermercado/bao-buns-de-pato-itsu-180-g/R-VC4AECOMM-294609/p,Bao buns de pato Itsu 180 g.,"6,15 €",,"34,17 €/kg",,Congelados,Rebozados y Platos Preparados,,https://static.carrefour.es/hd_510x_/img_pim_food/294609_00_1.jpg
https://www.carrefour.es/supermercado/cepillo-neumatico-pequeno-ponette-1-ud/R-prod850165/p,Cepillo neumático pequeño Ponette 1 ud.,"1,43 €",,"1,43 €/ud",,Perfumería e Higiene,Cabello,"Cepillos, Peines y Accesorios",https://static.carrefour.es/hd_510x_/img_pim_food/374124_00_1.jpg
https://www.carrefour.es/supermercado/brocha-maquillaje-eyedefiner-dytas-1-ud/R-VC4AECOMM-008211/p,Brocha maquillaje eyedefiner Dytas 1 ud.,"2,35 €",,"2,35 €/ud",,Perfumería e Higiene,Cosmética,Ojos,https://static.carrefour.es/hd_510x_/img_pim_food/008211_00_1.jpg
https://www.carrefour.es/supermercado/pienso-de-pollo-y-arroz-para-perro-cachorro-medium-ultima-3-kg/R-550701614/p,Pienso de pollo y arroz para perro cachorro medium Ultima 3 Kg.,"15,09 €",,"5,03 €/kg",,Mascotas,Perros,Pienso para perros,https://static.carrefour.es/hd_510x_/img_pim_food/181527_00_1.jpg
https://www.carrefour.es/supermercado/tinte-permanente-sin-amoniaco-4-18-chocolate-oleo-intense-syoss-1-ud/R-prod860219/p,Tinte permanente sin amoniaco 4-18 chocolate Oleo Intense SYOSS 1 ud.,"6,45 €",,"6,45 €/ud",,Perfumería e Higiene,Cabello,Tinte,https://static.carrefour.es/hd_510x_/img_pim_food/386271_00_1.jpg
https://www.carrefour.es/supermercado/chocolate-blanco-especial-postre-original-carrefour-200-g/R-798285160/p,Chocolate blanco especial postre Original Carrefour 200 g.,"1,60 €",,"8,00 €/kg",,,,,https://static.carrefour.es/hd_510x_/img_pim_food/901397_00_1.jpg
https://www.carrefour.es/supermercado/cebolla-echalotte-carrefour-250-g/R-521031961/p,Cebolla echalotte Carrefour 250 g,"1,58 €",,"6,32 €/kg",,Productos Frescos,Verduras y hortalizas,"Patatas, Cebollas y Ajos",https://static.carrefour.es/hd_510x_/img_pim_food/795911_00_1.jpg
https://www.carrefour.es/supermercado/smoothie-super-energia-de-fresa-cereza-manzana-guarana-semillas-de-lino-y-vitaminas-innocent-botella-30-cl/R-prod71129/p,"Smoothie super energía de fresa, cereza, manzana, guaraná, semillas de lino y vitaminas Innocent botella 30 cl.","2,69 €",,"8,97 €/l",,Bebidas,Aguas y Zumos,Zumos Refrigerados,https://static.carrefour.es/hd_510x_/img_pim_food/149467_00_1.jpg
https://www.carrefour.es/supermercado/ensalada-pasta-y-atun-325-g/R-VC4AECOMM-010744/p,Ensalada pasta y atún 325 g,"3,66 €",,"11,26 €/kg",,Productos Frescos,Verduras y hortalizas,Ensaladas y Verduras Preparadas,https://static.carrefour.es/hd_510x_/img_pim_food/010744_00_1.jpg
https://www.carrefour.es/supermercado/huesos-masticables-para-perro-frolic-chew-bones-170-g/R-720860865/p,Huesos masticables para perro Frolic Chew Bones 170 g.,"1,99 €",,"1,99 €/ud",,Mascotas,Perros,"Premios, Snacks y Huesos",https://static.carrefour.es/hd_510x_/img_pim_food/211189_00_1.jpg
https://www.carrefour.es/supermercado/yogur-natural-carrefour-classic-pack-de-4-unidades-de-125-g/R-VC4AECOMM-737854/p,Yogur natural Carrefour Classic' pack de 4 unidades de 125 g.,"0,85 €",,"1,70 €/kg",,La Despensa,Yogures y Postres,Yogur Natural y Sabores,https://static.carrefour.es/hd_510x_/img_pim_food/737854_00_1.jpg
https://www.carrefour.es/supermercado/yogur-de-frambuesa-pastoret-sin-gluten-500-g/R-prod1120635/p,Yogur de frambuesa Pastoret sin gluten 500 g.,"3,19 €",,"6,38 €/kg",,La Despensa,Yogures y Postres,Yogur Natural y Sabores,https://static.carrefour.es/hd_510x_/img_pim_food/173716_00_1.jpg
https://www.carrefour.es/supermercado/fiambre-de-pechuga-de-pollo-campofrio-sin-gluten-sin-lactosa-80-g/R-VC4AECOMM-695945/p,Fiambre de pechuga de pollo Campofrío sin gluten sin lactosa 80 g.,"0,99 €",,"12,37 €/kg",,Productos Frescos,Charcutería,Fiambre de Pavo y Pollo,https://static.carrefour.es/hd_510x_/img_pim_food/695945_00_1.jpg
https://www.carrefour.es/supermercado/gelatina-alimentaria-en-hojas-vahine-17-g/R-521004446/p,Gelatina alimentaria en hojas Vahiné 17 g.,"2,49 €",,"146,47 €/kg",,La Despensa,Dulce,Repostería,https://static.carrefour.es/hd_510x_/img_pim_food/038984_00_1.jpg
https://www.carrefour.es/supermercado/colgador-wc-momentos-de-relax-perfume-serenidad-con-aceites-esenciales-bref-2-ud/R-VC4AECOMM-273720/p,Colgador WC Momentos de Relax perfume serenidad con aceites esenciales Bref 2 ud.,"4,35 €",,"43,50 €/kg",,Limpieza y Hogar,Productos para Baño,WC,https://static.carrefour.es/hd_510x_/img_pim_food/273720_00_1.jpg
https://www.carrefour.es/supermercado/chicle-de-hierbabuena-senses-trident-pack-de-3-unidades-de-23-g/R-prod370038/p,Chicle de hierbabuena Senses Trident pack de 3 unidades de 23 g.,"2,95 €",,"42,75 €/kg",,La Despensa,Dulce,Dulces y Golosinas,https://static.carrefour.es/hd_510x_/img_pim_food/430168_00_1.jpg
https://www.carrefour.es/supermercado/pienso-de-salmon-para-perro-mediano-grande-dream-excellence-3-kg/R-VC4AECOMM-630344/p,Pienso de salmón para perro mediano-grande Dream Excellence 3 kg,"10,39 €",,"3,46 €/kg",,Mascotas,Perros,Pienso para perros,https://static.carrefour.es/hd_510x_/img_pim_food/630344_00_1.jpg
https://www.carrefour.es/supermercado/galletas-finas-chocolate-negro-sarraceno-santiveri-0-azucares-anadidos-90-g/R-VC4AECOMM-352068/p,"Galletas finas chocolate negro sarraceno Santiveri 0% azucares añadidos 90 g,","2,79 €",,"31,00 €/kg",,La Despensa,Desayuno,Galletas,https://static.carrefour.es/hd_510x_/img_pim_food/352068_00_1.jpg
https://www.carrefour.es/supermercado/fuet-extra-carrefour-classic-sin-gluten-sin-lactosa-150-g/R-VC4AECOMM-709788/p,Fuet extra Carrefour Classic' sin gluten sin lactosa 150 g.,"2,45 €",,"16,33 €/kg",,Productos Frescos,Charcutería,"Chorizo, Lomo y Otros",https://static.carrefour.es/hd_510x_/img_pim_food/709788_00_1.jpg
https://www.carrefour.es/supermercado/tinte-permanente-tono-5-castano-claro-excellence-creme-loreal-paris-1-ud/R-520663541/p,Tinte permanente tono 5 castaño claro Excellence Creme L'Oréal Paris 1 ud.,"8,89 €",,"8,89 €/ud",,Perfumería e Higiene,Cabello,Tinte,https://static.carrefour.es/hd_510x_/img_pim_food/000954_00_1.jpg
https://www.carrefour.es/supermercado/dentifrico-dientes-mas-blancos-sensation-blanqueador-colgate-75-ml/R-719101744/p,Dentífrico dientes más blancos Sensation Blanqueador Colgate 75 ml.,"2,95 €",,"3,93 €/100ml",,Perfumería e Higiene,Boca y Sonrisa,Dentífricos,https://static.carrefour.es/hd_510x_/img_pim_food/211592_00_1.jpg
https://www.carrefour.es/supermercado/calamares-en-su-tinta-montey-pack-de-3-de-51-g/R-VC4AECOMM-418247/p,Calamares en su tinta Montey pack de 3 de 51 g.,"1,50 €",,"9,80 €/kg",,La Despensa,"Conservas, Sopas y Precocinados",Conservas de Pescado y Marisco,https://static.carrefour.es/hd_510x_/img_pim_food/418247_00_1.jpg
https://www.carrefour.es/supermercado/desodorante-en-crema-antitranspirante-maximum-protection-soft-solid-stress-control-rexona-45-ml/R-795606123/p,Desodorante en crema antitranspirante Maximum Protection Soft Solid Stress Control Rexona 45 ml.,"4,65 €",,"10,33 €/100ml",,Perfumería e Higiene,Baño e Higiene Corporal,Desodorantes,https://static.carrefour.es/hd_510x_/img_pim_food/896230_00_1.jpg
https://www.carrefour.es/supermercado/nectar-de-naranja-carrefour-brik-1-l/R-780686964/p,Néctar de naranja Carrefour brik 1 l.,"0,85 €",,"0,85 €/l",,Bebidas,Aguas y Zumos,Zumos no Refrigerados,https://static.carrefour.es/hd_510x_/img_pim_food/865491_00_1.jpg
https://www.carrefour.es/supermercado/queso-madurado-gallego-dop-ahumado-san-simon-da-costa-de-nuestra-tierra-pieza-11-kg-aprox/R-VC4AECOMM-671041/p,"Queso madurado Gallego D.O.P ahumado San simón Da Costa De Nuestra tierra pieza 1,1 Kg aprox","23,32 €",,"21,20 €/kg",,Productos Frescos,Quesos,Todos los Quesos,https://static.carrefour.es/hd_510x_/img_pim_food/671041_00_1.jpg
https://www.carrefour.es/supermercado/crema-aquaporin-active-para-piel-seca-eucerin-50-ml/R-801412201/p,Crema Aquaporin Active para piel seca Eucerin 50 ml.,"21,90 €",,"43,80 €/100ml",,Parafarmacia,Cuidado e higiene facial,Cremas faciales,https://static.carrefour.es/hd_510x_/img_pim_food/905754_00_1.jpg
https://www.carrefour.es/supermercado/wok-de-verduras-ultracongeladas-findus-480-g/R-VC4AECOMM-351346/p,Wok de verduras ultracongeladas Findus 480 g.,"4,45 €",,"9,27 €/kg",,Congelados,Verduras Congeladas,,https://static.carrefour.es/hd_510x_/img_pim_food/351346_00_1.jpg
https://www.carrefour.es/supermercado/molinillo-sal-rosa-del-himalaya-carrefour-seleccion-100-g/R-fprod1260107/p,Molinillo sal rosa del himalaya Carrefour Selección 100 g.,"2,25 €",,"22,50 €/kg",,La Despensa,Alimentación,Sales y Bicarbonatos,https://static.carrefour.es/hd_510x_/img_pim_food/318621_00_1.jpg
https://www.carrefour.es/supermercado/chorizo-iberico-de-cebo-embutidos-diaz-pieza-1-kg-aprox/R-590510364/p,Chorizo ibérico de cebo Embutidos Díaz pieza 1 Kg aprox,"20,80 €",,"20,80 €/kg",,Productos Frescos,Charcutería,"Chorizo, Lomo y Otros",https://static.carrefour.es/hd_510x_/img_pim_food/695183_00_1.jpg
https://www.carrefour.es/supermercado/balsamo-labial-reparador-carrefour-4-g/R-819114698/p,Bálsamo labial reparador Carrefour 4 g.,"1,93 €",,"1,93 €/ud",,Perfumería e Higiene,Boca y Sonrisa,Protector labial,https://static.carrefour.es/hd_510x_/img_pim_food/950941_00_1.jpg
https://www.carrefour.es/supermercado/bombones-de-avellana-almendra-trufa-y-chocolate-negro-carrefour-470-g/R-prod1000515/p,"Bombones de avellana, almendra, trufa y chocolate negro Carrefour 470 g.","4,89 €",,"10,40 €/kg",,La Despensa,Dulce,Bombones y Chocolates,https://static.carrefour.es/hd_510x_/img_pim_food/079207_00_1.jpg
https://www.carrefour.es/supermercado/queso-en-perlas-rellanas-de-mango-extra-carrefour-125-g/R-VC4AECOMM-463315/p,Queso en perlas rellanas de mango Extra Carrefour 125 g.,"2,19 €",,"17,52 €/kg",,Productos Frescos,Quesos,Queso Fresco,https://static.carrefour.es/hd_510x_/img_pim_food/463315_00_1.jpg
https://www.carrefour.es/supermercado/leche-semidesnatada-central-lechera-asturiana-sin-lactosa-brik-1-l/R-670001999/p,Leche semidesnatada Central Lechera Asturiana sin lactosa brik 1 l.,"1,32 €",,"1,32 €/l
- 7,92 €/6 uds.",,La Despensa,Lácteos,Leche,https://static.carrefour.es/hd_510x_/img_pim_food/331600_00_1.jpg
https://www.carrefour.es/supermercado/boqueron-en-vinagre-60-g/R-VC4AECOMM-568216/p,Boquerón en vinagre 60 g,"1,89 €",,"31,50 €/kg",,Productos Frescos,Pescadería,Preparados y elaborados de Pescado y Marisco,https://static.carrefour.es/hd_510x_/img_pim_food/568216_00_1.jpg
https://www.carrefour.es/supermercado/body-milk-reafirmante-con-vitamina-c-para-piel-seca-nivea-q10-400-ml/R-546102162/p,Body milk reafirmante con vitamina C para piel seca Nivea Q10 400 ml.,"6,25 €",,"1,56 €/100ml",,Perfumería e Higiene,Cuidado y Protección Corporal,"Body Milk, Hidratación Bajo la Ducha",https://static.carrefour.es/hd_510x_/img_pim_food/158136_00_1.jpg
https://www.carrefour.es/supermercado/trina-te-de-limon-sin-azucar-botella-15-l/R-VC4AECOMM-359175/p,"Trina té de limón sin azúcar botella 1,5 l","1,93 €",,"1,29 €/l",,Bebidas,Refrescos,Sabores sin Gas,https://static.carrefour.es/hd_510x_/img_pim_food/359175_00_1.jpg
https://www.carrefour.es/supermercado/mantequilla-bocage-250-g/R-736424187/p,Mantequilla Bocage 250 g.,"2,05 €",,"8,20 €/kg",,La Despensa,Lácteos,Mantequillas y Margarinas,https://static.carrefour.es/hd_510x_/img_pim_food/466974_00_1.jpg
https://www.carrefour.es/supermercado/cafe-descafeinado-monodosis-gran-aroma-marcilla-compatible-con-senseo-28-unidades-de-7-g/R-732215371/p,Café descafeinado monodosis Gran Aroma Marcilla compatible con Senseo 28 unidades de 7 g.,"5,39 €",,"27,78 €/kg",,La Despensa,Desayuno,Cafés,https://static.carrefour.es/hd_510x_/img_pim_food/687090_00_1.jpg
https://www.carrefour.es/supermercado/cappelletti-jamon-buitoni-230-g/R-VC4AECOMM-462930/p,"Cappelletti jamón Buitoni 230 g.,","3,09 €",,"13,43 €/kg",,La Despensa,"Conservas, Sopas y Precocinados",Platos Preparados,https://static.carrefour.es/hd_510x_/img_pim_food/462930_00_1.jpg
https://www.carrefour.es/supermercado/aposito-aqua-resist-tira-para-cortar-100-x-6-cm-salvelox-12-ud/R-590504140/p,Apósito Aqua Resist tira para cortar 100 x 6 cm Salvelox 12 ud.,"3,19 €",,"0,27 €/ud",,Parafarmacia,Botiquín,Apósitos y Gasas,https://static.carrefour.es/hd_510x_/img_pim_food/258531_00_1.jpg
https://www.carrefour.es/supermercado/hierbas-provenzales-carrefour-classic-16-g/R-VC4AECOMM-676628/p,Hierbas provenzales Carrefour Classic 16 g.,"0,84 €",,"52,50 €/kg",,La Despensa,Alimentación,Especias y Sazonadores,https://static.carrefour.es/hd_510x_/img_pim_food/676628_00_1.jpg
https://www.carrefour.es/supermercado/gel-de-ducha-neutro-hidratante-sanex-850-ml/R-VC4AECOMM-473669/p,Gel de ducha neutro hidratante Sanex 850 ml.,"4,49 €",,"0,53 €/100ml",,Perfumería e Higiene,Baño e Higiene Corporal,Geles de Baño,https://static.carrefour.es/hd_510x_/img_pim_food/473669_00_1.jpg
https://www.carrefour.es/supermercado/pizza-prosciutto-ristorante-dr-oetker-340-g/R-521035311/p,Pizza prosciutto Ristorante Dr. Oetker 340 g.,"3,89 €",,"11,44 €/kg",,Ofertas,,,https://static.carrefour.es/hd_510x_/img_pim_food/626461_00_1.jpg
https://www.carrefour.es/supermercado/chocolate-suizo-con-leche-pasas-y-avellanas-lindt-300-g/R-521004266/p,"Chocolate suizo con leche, pasas y avellanas Lindt 300 g.","8,15 €",,"27,17 €/kg",,La Despensa,Dulce,Bombones y Chocolates,https://static.carrefour.es/hd_510x_/img_pim_food/273387_00_1.jpg
https://www.carrefour.es/supermercado/recambios-maquinilla-para-mujer-sistema-suavidad-sublime-3-hojas-carrefour-soft-3-ud/R-VC4AECOMM-484746/p,Recambios maquinilla para mujer sistema suavidad sublime 3 hojas Carrefour Soft 3 ud.,"6,39 €",,"2,13 €/ud",,Perfumería e Higiene,Depilación y Afeitado,Maquinillas y Recambios,https://static.carrefour.es/hd_510x_/img_pim_food/484746_00_1.jpg
https://www.carrefour.es/supermercado/tomate-frito-ecologico-pedro-luis-sin-gluten-tarro-660-g/R-prod90514/p,Tomate frito ecológico Pedro Luis sin gluten tarro 660 g.,"4,39 €",,"6,65 €/kg",,La Despensa,Alimentación,Salsas y Tomate Frito,https://static.carrefour.es/hd_510x_/img_pim_food/223212_00_1.jpg
https://www.carrefour.es/supermercado/agua-mineral-con-gas-solan-de-cabras-75-cl/R-VC4AECOMM-441591/p,Agua mineral con gas Solán de Cabras 75 cl.,"1,74 €",,"2,32 €/l",,Bebidas,Aguas y Zumos,Agua con gas,https://static.carrefour.es/hd_510x_/img_pim_food/441591_00_1.jpg
https://www.carrefour.es/supermercado/pienso-de-pollo-para-perro-pequeno-mini-senior-ultima-15-kg/R-720860693/p,"Pienso de pollo para perro pequeño mini senior Ultima 1,5 Kg.","9,09 €",,"6,06 €/kg",,Mascotas,Perros,Pienso para perros,https://static.carrefour.es/hd_510x_/img_pim_food/109445_00_1.jpg
https://www.carrefour.es/supermercado/menta-en-bolsitas-ecologica-carrefour-bio-20-ud/R-521003148/p,Menta en bolsitas ecológica Carrefour Bio 20 ud.,"2,79 €",,"99,64 €/kg",,La Despensa,Desayuno,Infusiones y Tés,https://static.carrefour.es/hd_510x_/img_pim_food/662522_00_1.jpg
https://www.carrefour.es/supermercado/hierbabuena-manojo-de-100-g/R-521031671/p,Hierbabuena manojo de 100 g,"1,00 €",,"10,00 €/ud",,Productos Frescos,Verduras y hortalizas,Hierbas Aromáticas y especias,https://static.carrefour.es/hd_510x_/img_pim_food/083474_00_1.jpg
https://www.carrefour.es/supermercado/ginebra-puerto-de-indias-sweet-melon-70-cl/R-VC4AECOMM-206079/p,Ginebra Puerto de Indias sweet melón 70 cl.,"16,89 €",,"24,13 €/l",,,,,https://static.carrefour.es/hd_510x_/img_pim_food/206079_00_1.jpg
https://www.carrefour.es/supermercado/pasta-macarrones-penne-rigate-barilla-1-kg/R-530363478/p,Pasta macarrones penne rigate Barilla 1 kg.,"3,39 €",,"3,39 €/kg",,La Despensa,Alimentación,Pastas,https://static.carrefour.es/hd_510x_/img_pim_food/169027_00_1.jpg
https://www.carrefour.es/supermercado/leche-entera-pascual-sin-lactosa-brik-1-l/R-666301781/p,Leche entera Pascual sin lactosa brik 1 l.,"1,50 €",,"1,50 €/l
- 9,00 €/6 uds.",,La Despensa,Lácteos,Leche,https://static.carrefour.es/hd_510x_/img_pim_food/323816_00_1.jpg
https://www.carrefour.es/supermercado/pizza-fresca-bianca-4-quesos-de-lenta-fermentacion-casa-tarradellas-400-g/R-VC4AECOMM-625158/p,Pizza fresca bianca 4 quesos de lenta fermentación Casa Tarradellas 400 g.,"4,39 €",,"10,97 €/kg",,La Despensa,"Conservas, Sopas y Precocinados",Pizzas,https://static.carrefour.es/hd_510x_/img_pim_food/625158_00_1.jpg
https://www.carrefour.es/supermercado/fiambre-de-pavo-pieza-carnicas-serrano-sin-gluten-sin-lactosa-15-kg/R-VC4AECOMM-709254/p,"Fiambre de pavo pieza Cárnicas Serrano sin gluten sin lactosa 1,5 kg.","7,05 €",,"4,70 €/kg",,Productos Frescos,Charcutería,Fiambre de Pavo y Pollo,https://static.carrefour.es/hd_510x_/img_pim_food/709254_00_1.jpg
https://www.carrefour.es/supermercado/pilas-de-litio-de-boton-2032-duracell-especiales-paquete-de-2/R-prod880523/p,"Pilas de Litio de botón 2032 Duracell Especiales, paquete de 2","4,19 €",,"2,09 €/ud",,Limpieza y Hogar,Bazar,Pilas,https://static.carrefour.es/hd_510x_/img_pim_food/981496_00_1.jpg
https://www.carrefour.es/supermercado/lomo-embuchado-raza-duroc-villar-sin-gluten-y-sin-lactosa-360-g/R-VC4AECOMM-021567/p,Lomo embuchado raza duroc Villar sin gluten y sin lactosa 360 g,"11,19 €",,"31,08 €/kg",,Productos Frescos,Charcutería,"Chorizo, Lomo y Otros",https://static.carrefour.es/hd_510x_/img_pim_food/021567_00_1.jpg
https://www.carrefour.es/supermercado/salchichon-cular-salamanca-embutidos-diaz-400-g/R-590501762/p,Salchichón cular Salamanca Embutidos Díaz 400 g,"7,60 €",,"18,99 €/kg",,Productos Frescos,Charcutería,"Salchichón, Salami y Fuet",https://static.carrefour.es/hd_510x_/img_pim_food/079802_00_1.jpg
https://www.carrefour.es/supermercado/whiskey-jack-daniels-honey-70-cl/R-727304197/p,Jack Daniels Tennessee Honey Whisky,"23,00 €",,"32,86 €/l",,Bebidas,Alcoholes,Whisky y Bourbon,https://static.carrefour.es/hd_510x_/img_pim_food/512418_00_1.jpg
https://www.carrefour.es/supermercado/salchichas-frankfurt-carrefour-pack-de-4-unidades-170-g/R-fprod1460360/p,Salchichas Frankfurt Carrefour pack de 4 unidades 170 g.,"1,75 €",,"2,57 €/kg",,Productos Frescos,Charcutería,Salchichas,https://static.carrefour.es/hd_510x_/img_pim_food/399385_00_1.jpg
https://www.carrefour.es/supermercado/mermelada-de-frutas-del-bosque-la-vieja-fabrica-sin-gluten-350-g/R-540201734/p,Mermelada de frutas del bosque La Vieja Fábrica sin gluten 350 g.,"3,25 €",,"9,29 €/kg",,La Despensa,Dulce,"Mermeladas, Membrillos y Compotas",https://static.carrefour.es/hd_510x_/img_pim_food/040153_00_1.jpg
https://www.carrefour.es/supermercado/papel-de-aluminio-albal-50-metros/R-546102392/p,Papel de aluminio Albal 50 metros.,"8,25 €",,"0,16 €/m",,Limpieza y Hogar,Conservación de Alimentos,Papel de Aluminio,https://static.carrefour.es/hd_510x_/img_pim_food/219781_00_1.jpg
https://www.carrefour.es/supermercado/infulinea-de-manzana-malva-y-sauco-en-bolsitas-hornimans-20-ud/R-521003156/p,"InfuLínea de manzana, malva y saúco en bolsitas Hornimans 20 ud.","2,89 €",,"96,33 €/kg",,La Despensa,Desayuno,Infusiones y Tés,https://static.carrefour.es/hd_510x_/img_pim_food/225373_00_1.jpg
https://www.carrefour.es/supermercado/maiz-dulce-bonduelle-pack-de-3-unidades-de-140-g/R-521029260/p,Maíz dulce Bonduelle pack de 3 unidades de 140 g.,"3,89 €",,"9,26 €/kg",,La Despensa,"Conservas, Sopas y Precocinados",Conservas de Vegetales,https://static.carrefour.es/hd_510x_/img_pim_food/048156_00_1.jpg
https://www.carrefour.es/supermercado/limpiador-facial-en-espuma-de-aloe-vera-idc-institute-240-ml/R-VC4AECOMM-141299/p,Limpiador facial en espuma de aloe vera IDC Institute 240 ml.,"5,05 €",,"2,10 €/100ml",,Perfumería e Higiene,Cuidado y Protección Corporal,Limpieza Facial,https://static.carrefour.es/hd_510x_/img_pim_food/141299_00_1.jpg
https://www.carrefour.es/supermercado/guantes-reutilizables-vinilo-spontex-sensitive-talla-8/R-521013030/p,Guantes Reutilizables Vinilo SPONTEX Sensitive Talla 8,"2,79 €",,"2,79 €/ud",,Limpieza y Hogar,Utensilios de Limpieza,Guantes,https://static.carrefour.es/hd_510x_/img_pim_food/023977_00_1.jpg
https://www.carrefour.es/supermercado/ambientador-electrico-fragancia-delicias-de-verano-essential-oils-recambio-air-wick-3-ud/R-VC4AECOMM-416512/p,Ambientador eléctrico fragancia delicias de verano Essential Oils recambio Air Wick 3 ud.,"11,35 €",,"3,78 €/ud",,Limpieza y Hogar,Ambientadores,Eléctricos,https://static.carrefour.es/hd_510x_/img_pim_food/416512_00_1.jpg
https://www.carrefour.es/supermercado/chocolate-con-leche-relleno-con-crema-de-cacahuete-conguitos-cups-sin-gluten-y-sin-aceite-de-palma-102-g/R-VC4AECOMM-721561/p,Chocolate con leche relleno con crema de cacahuete Conguitos Cups sin gluten y sin aceite de palma 102 g.,"3,25 €",,"31,86 €/kg",,La Despensa,Dulce,Bombones y Chocolates,https://static.carrefour.es/hd_510x_/img_pim_food/721561_00_1.jpg
https://www.carrefour.es/supermercado/lavavajillas-a-mano-para-pieles-sensibles-perfume-floral-carrefour-essential-750-ml/R-VC4AECOMM-490123/p,Lavavajillas a mano para pieles sensibles perfume floral Carrefour Essential 750 ml.,"1,34 €",,"1,34 €/l",,Limpieza y Hogar,Productos para Cocina,Lavavajillas a Mano,https://static.carrefour.es/hd_510x_/img_pim_food/490123_00_1.jpg
https://www.carrefour.es/supermercado/agua-de-colonia-n-43-floral-frutal-para-mujer-caravan-150-ml/R-808554949/p,Agua de colonia nº 43 Floral frutal para mujer Caravan 150 ml.,"10,89 €",,"7,26 €/100ml",,Perfumería e Higiene,Baño e Higiene Corporal,Colonias,https://static.carrefour.es/hd_510x_/img_pim_food/887495_00_1.jpg
https://www.carrefour.es/supermercado/bifidus-con-mango-y-papaya-con-soja-danone-activia-pack-de-4-unidades-de-120-g/R-521029633/p,Bífidus con mango y papaya con soja Danone Activia pack de 4 unidades de 120 g.,"2,49 €",,"5,19 €/kg",,La Despensa,Yogures y Postres,Yogur Natural y Sabores,https://static.carrefour.es/hd_510x_/img_pim_food/603046_00_1.jpg
https://www.carrefour.es/supermercado/anacardo-garrapinado-extra-carrefour-sin-gluten-200-g/R-VC4AECOMM-094882/p,Anacardo garrapiñado Extra Carrefour sin gluten 200 g.,"2,95 €",,"14,75 €/kg",,La Despensa,Aperitivos,Frutos Secos,https://static.carrefour.es/hd_510x_/img_pim_food/094882_00_1.jpg
https://www.carrefour.es/supermercado/prime-ice-pop-bebida-isotonica-botella-50-cl/R-VC4AECOMM-194928/p,Prime Ice Pop bebida isotónica botella 50 cl.,"3,25 €",,"6,50 €/l",,Bebidas,Refrescos,Isotónicas,https://static.carrefour.es/hd_510x_/img_pim_food/194928_00_1.jpg
https://www.carrefour.es/supermercado/preparado-lacteo-proteina-puleva-sin-lactosa-1-l/R-VC4AECOMM-259080/p,Preparado lácteo proteína Puleva sin lactosa 1 l.,"1,79 €",,"1,79 €/l",,La Despensa,Lácteos,Leche,https://static.carrefour.es/hd_510x_/img_pim_food/259080_00_1.jpg
https://www.carrefour.es/supermercado/tempura-de-verduras-carrefour-sensation-400-g/R-VC4AECOMM-387219/p,Tempura de verduras Carrefour Sensation 400 g.,"2,69 €",,"6,72 €/kg",,Congelados,Rebozados y Platos Preparados,,https://static.carrefour.es/hd_510x_/img_pim_food/387219_00_1.jpg
https://www.carrefour.es/supermercado/ensalada-pasta-y-rucula-carrefour-320-g/R-844803401/p,Ensalada pasta y rúcula Carrefour 320 g,"3,19 €",,"9,97 €/kg",,Productos Frescos,Verduras y hortalizas,Ensaladas y Verduras Preparadas,https://static.carrefour.es/hd_510x_/img_pim_food/988651_00_1.jpg
https://www.carrefour.es/supermercado/vino-do-rosado-semidulce-alma-de-valdeguerra-75-cl/R-649601860/p,Vino D.O. rosado semidulce Alma de Valdeguerra 75 cl.,"4,95 €",,"4,95 €/ud",,Bebidas,Vinos,Rosado,https://static.carrefour.es/hd_510x_/img_pim_food/816188_00_1.jpg
https://www.carrefour.es/supermercado/leche-fermentada-liquida-sabor-fresa-y-platano-danone-actimel-kids-sin-gluten-pack-de-6-unidades-de-100-g/R-VC4AECOMM-100508/p,Leche fermentada líquida sabor fresa y plátano Danone - Actimel kids sin gluten pack de 6 unidades de 100 g.,"3,79 €",,"6,32 €/kg",,La Despensa,Yogures y Postres,Yogures Líquidos,https://static.carrefour.es/hd_510x_/img_pim_food/100508_00_1.jpg
https://www.carrefour.es/supermercado/gel-de-bano-para-el-cuidado-de-pieles-atopicas-secas-y-sensibles-instituto-espanol-500-ml/R-540201924/p,"Gel de baño para el cuidado de pieles atópicas, secas y sensibles Instituto Español 500 ml.","5,05 €",,"1,01 €/100ml",,Perfumería e Higiene,Baño e Higiene Corporal,Geles de Baño,https://static.carrefour.es/hd_510x_/img_pim_food/203646_00_1.jpg
https://www.carrefour.es/supermercado/ambientador-automatico-lavanda-jazmin-recambio-glade-by-brise-1-ud/R-748501618/p,Ambientador automático lavanda & jazmín recambio Glade by brise 1 ud.,"5,69 €",,"21,15 €/l",,Limpieza y Hogar,Ambientadores,Automáticos,https://static.carrefour.es/hd_510x_/img_pim_food/758284_00_1.jpg
https://www.carrefour.es/supermercado/oreja-picantona-de-nuestra-tierra-380-g/R-prod392213/p,Oreja picantona De Nuestra Tierra 380 g.,"6,05 €",,"21,61 €/kg",,La Despensa,"Conservas, Sopas y Precocinados",Platos Preparados,https://static.carrefour.es/hd_510x_/img_pim_food/464599_00_1.jpg
https://www.carrefour.es/supermercado/judias-verdes-planas-contenido-bajo-de-sal-carrefour-360-g/R-695700875/p,Judías verdes planas contenido bajo de sal Carrefour 360 g.,"1,81 €",,"5,03 €/kg",,La Despensa,"Conservas, Sopas y Precocinados",Conservas de Vegetales,https://static.carrefour.es/hd_510x_/img_pim_food/094503_00_1.jpg
https://www.carrefour.es/supermercado/trozos-de-chocolate-negro-vahine-doy-pack-100-g/R-678001962/p,Trozos de chocolate negro Vahiné doy pack 100 g.,"3,59 €",,"35,90 €/kg",,La Despensa,Dulce,"Siropes, Aromas y Decoración",https://static.carrefour.es/hd_510x_/img_pim_food/047085_00_1.jpg
https://www.carrefour.es/supermercado/protegeslip-normal-evax-50-ud/R-521000568/p,Protegeslip normal Evax 50 ud.,"2,89 €",,"0,06 €/ud",,Perfumería e Higiene,Higiene íntima,Protege Slip,https://static.carrefour.es/hd_510x_/img_pim_food/268368_00_1.jpg
https://www.carrefour.es/supermercado/leche-infantil-de-crecimiento-desde-12-meses-nestle-nidina-3-sin-aceite-de-palma-pack-de-2-latas-de-800-g/R-prod393247/p,Leche infantil de crecimiento desde 12 meses Nestlé Nidina 3 sin aceite de palma pack de 2 latas de 800 g.,"34,00 €",,"21,25 €/kg",,Bebé,Alimentación infantil,Leches Infantiles,https://static.carrefour.es/hd_510x_/img_pim_food/483036_00_1.jpg
https://www.carrefour.es/supermercado/esparragos-blancos-de-navarra-carrefour-125-g/R-521006068/p,Espárragos blancos de Navarra Carrefour 125 g.,"3,69 €",,"29,52 €/kg",,La Despensa,"Conservas, Sopas y Precocinados",Conservas de Vegetales,https://static.carrefour.es/hd_510x_/img_pim_food/644009_00_1.jpg
https://www.carrefour.es/supermercado/pomada-reparadora-aquaphor-eucerin-40-g/R-625334202/p,Pomada reparadora Aquaphor Eucerin 40 g.,"10,49 €",,"26,23 €/100g",,Parafarmacia,Cuidado corporal,Cremas y Lociones,https://static.carrefour.es/hd_510x_/img_pim_food/800953_00_1.jpg
https://www.carrefour.es/supermercado/tinte-permanente-sin-amoniaco-6-76-cobrizo-ambar-oleo-intense-syoss-1-ud/R-prod860227/p,Tinte permanente sin amoniaco 6-76 cobrizo ámbar Oleo Intense SYOSS 1 ud.,"6,45 €",,"6,45 €/ud",,Perfumería e Higiene,Cabello,Tinte,https://static.carrefour.es/hd_510x_/img_pim_food/386245_00_1.jpg
https://www.carrefour.es/supermercado/lapices-grafito-hb-staedtler-noris-10-uds/R-521034661/p,Lápices Grafito HB Staedtler Noris 10 uds,"5,49 €",,"0,55 €/ud",,Limpieza y Hogar,Papelería,Lápices y Accesorios,https://static.carrefour.es/hd_510x_/img_pim_food/004031_00_1.jpg
https://www.carrefour.es/supermercado/chocolate-cappuccino-nescafe-gold-306-g/R-526510733/p,Chocolate cappuccino Nescafé Gold 306 g.,"4,89 €",,"15,98 €/kg",,La Despensa,Desayuno,Cafés,https://static.carrefour.es/hd_510x_/img_pim_food/091692_00_1.jpg
https://www.carrefour.es/supermercado/cocido-madrileno-con-bocaditos-hi-vegs-sin-gluten-300-g/R-fprod1210232/p,cocido madrileño con bocaditos Hi Vegs! sin gluten 300 g.,"5,39 €",,"17,97 €/kg",,La Despensa,"Conservas, Sopas y Precocinados",Platos Preparados,https://static.carrefour.es/hd_510x_/img_pim_food/072510_00_1.jpg
https://www.carrefour.es/supermercado/sal-marina-roca-1-kg/R-590201633/p,Sal marina Roca 1 kg.,"0,50 €",,"0,50 €/kg",,La Despensa,Alimentación,Sales y Bicarbonatos,https://static.carrefour.es/hd_510x_/img_pim_food/028766_00_1.jpg
https://www.carrefour.es/supermercado/leche-de-formula-anti-colico-y-anti-estrenimiento-desde-los-6-meses-en-polvo-almiron-advance-digest-2-lata-800-g/R-713315942/p,Leche de fórmula anti-cólico y anti-estreñimiento desde los 6 meses en polvo Almirón Advance Digest 2 lata 800 g.,"29,60 €",,"37,00 €/kg",,Parafarmacia,Bebé,Leche infantil,https://static.carrefour.es/hd_510x_/img_pim_food/440550_00_1.jpg
https://www.carrefour.es/supermercado/galletas-dibus-angry-birds-gullon-sin-lactosa-250-g/R-725713205/p,Galletas Dibus Angry Birds Gullón sin lactosa 250 g.,"2,25 €",,"9,00 €/kg",,La Despensa,Desayuno,Galletas,https://static.carrefour.es/hd_510x_/img_pim_food/525002_00_1.jpg
https://www.carrefour.es/supermercado/alubia-morada-luengo-1-kg/R-590201741/p,Alubia morada Luengo 1 kg.,"3,83 €",,"3,83 €/kg",,La Despensa,Alimentación,Legumbres,https://static.carrefour.es/hd_510x_/img_pim_food/032628_00_1.jpg
https://www.carrefour.es/supermercado/piccolinis-salame-buitoni-270-g/R-VC4AECOMM-129167/p,Piccolinis salame Buitoni 270 g.,"4,75 €",,"17,59 €/kg",,Congelados,Pizzas Congeladas,,https://static.carrefour.es/hd_510x_/img_pim_food/129167_00_1.jpg
https://www.carrefour.es/supermercado/dentifrico-con-fluor-de-uso-diario-complete-proteccion-original-parodontax-75-ml/R-VC4AECOMM-469435/p,Dentífrico con flúor de uso diario Complete Protección Original Parodontax 75 ml.,"6,19 €",,"8,25 €/100ml",,Perfumería e Higiene,Boca y Sonrisa,Dentífricos,https://static.carrefour.es/hd_510x_/img_pim_food/469435_00_1.jpg
https://www.carrefour.es/supermercado/alubias-cocidas-en-salsa-de-tomate-heinz-415-g/R-521029345/p,Alubias cocidas en salsa de tomate Heinz 415 g.,"1,50 €",,"3,61 €/kg",,La Despensa,"Conservas, Sopas y Precocinados",Platos Preparados,https://static.carrefour.es/hd_510x_/img_pim_food/028910_00_1.jpg
https://www.carrefour.es/supermercado/spaghetti-n12-de-cecco-500-g/R-590203501/p,Spaghetti nº12 De Cecco 500 g.,"2,65 €",,"5,30 €/kg",,La Despensa,Alimentación,Pastas,https://static.carrefour.es/hd_510x_/img_pim_food/091118_00_1.jpg
https://www.carrefour.es/supermercado/compresas-noche-maxi-carrefour-10-ud/R-521000479/p,Compresas noche maxi Carrefour 10 ud.,"1,70 €",,"0,17 €/ud",,Perfumería e Higiene,Higiene íntima,Compresas,https://static.carrefour.es/hd_510x_/img_pim_food/452775_00_1.jpg
https://www.carrefour.es/supermercado/granola-con-cereales-integrales-original-extra-kelloggs-375-g/R-804987947/p,Granola con cereales integrales original Extra Kellogg's 375 g.,"4,55 €",,"12,13 €/kg",,La Despensa,Desayuno,Cereales,https://static.carrefour.es/hd_510x_/img_pim_food/918040_00_1.jpg
https://www.carrefour.es/supermercado/triptofano-con-magnesio-vitamina-b6-en-comprimidos-ana-maria-lajusticia-sin-gluten-60-ud/R-prod780694/p,Triptófano con magnesio + Vitamina B6 en comprimidos Ana María Lajusticia sin gluten 60 ud.,"13,09 €",,"18,70 €/100g",,Parafarmacia,Nutrición y Dietética,Complementos Vitamínicos,https://static.carrefour.es/hd_510x_/img_pim_food/989817_00_1.jpg
https://www.carrefour.es/supermercado/pudding-desnatado-sabor-platano-proteina-plus-sensation-carrefour-sin-gluten-y-sin-azucar-anadido-200-g/R-VC4AECOMM-185279/p,Pudding desnatado sabor plátano proteína plus Sensation Carrefour sin gluten y sin azúcar añadido 200 g.,"1,41 €",,"7,05 €/kg",,La Despensa,Yogures y Postres,Proteína,https://static.carrefour.es/hd_510x_/img_pim_food/185279_00_1.jpg
https://www.carrefour.es/supermercado/spray-termoprotector-science-les-cosmetiques-200-ml/R-871100410/p,Spray termoprotector Science Les Cosmétiques 200 ml.,"2,99 €",,"1,49 €/100ml",,Perfumería e Higiene,Cabello,Cuidado y Tratamientos del cabello,https://static.carrefour.es/hd_510x_/img_pim_food/182329_00_1.jpg
https://www.carrefour.es/supermercado/cerveza-el-aguila-sin-filtrar-pack-12-botellas-33-cl/R-VC4AECOMM-303400/p,Cerveza El Águila sin filtrar pack 12 botellas 33 cl.,"12,09 €",,"3,05 €/l",,Bebidas,Cerveza,Todas las Cervezas,https://static.carrefour.es/hd_510x_/img_pim_food/303400_00_1.jpg
https://www.carrefour.es/supermercado/tarta-de-chocolate-blanco-480-g/R-VC4AECOMM-480625/p,Tarta de Chocolate blanco 480 g,"9,90 €",,"20,62 €/kg",,Productos Frescos,Panadería Tradicional,Pastelería y Repostería,https://static.carrefour.es/hd_510x_/img_pim_food/480625_00_1.jpg
https://www.carrefour.es/supermercado/zumo-de-naranja-recien-exprimido-carrefour-500-ml/R-prod840494/p,Zumo de naranja recién exprimido Carrefour 500 ml,"3,95 €",,"7,90 €/l",,Productos Frescos,Frutas,Naranjas y otros cítricos,https://static.carrefour.es/hd_510x_/img_pim_food/444979_00_1.jpg
https://www.carrefour.es/supermercado/dentifrico-complete-protection-extra-fresh-parodontax-75-ml/R-prod720233/p,Dentífrico Complete Protection Extra Fresh Parodontax 75 ml.,"6,95 €",,"9,27 €/100ml",,Parafarmacia,Higiene Bucal,Pasta de dientes,https://static.carrefour.es/hd_510x_/img_pim_food/852296_00_1.jpg
https://www.carrefour.es/supermercado/salchichas-cocidas-wieners-bocadillo-oscar-mayer-sin-gluten-sin-lactosa-275-g/R-521031121/p,Salchichas cocidas Wieners bocadillo Oscar Mayer sin gluten sin lactosa 275 g.,"1,75 €",,"6,36 €/kg",,Productos Frescos,Charcutería,Salchichas,https://static.carrefour.es/hd_510x_/img_pim_food/003295_00_1.jpg
https://www.carrefour.es/supermercado/tarrito-de-verduritas-con-ternera-desde-6-meses-ecologico-carrefour-baby-bio-pack-de-2-unidades-de-200-g/R-VC4AECOMM-433079/p,Tarrito de verduritas con ternera desde 6 meses ecológico Carrefour Baby Bio pack de 2 unidades de 200 g,"2,69 €",,"6,72 €/kg",,Bebé,Alimentación infantil,Tarritos y Platos Preparados,https://static.carrefour.es/hd_510x_/img_pim_food/433079_00_1.jpg
https://www.carrefour.es/supermercado/crema-de-cacao-y-avellanas-carrefour-sin-gluten-750-g/R-prod1090069/p,Crema de cacao y avellanas Carrefour sin gluten 750 g.,"2,96 €",,"3,95 €/kg",,La Despensa,Dulce,"Cremas de Cacao, Avellana y Cacahuete",https://static.carrefour.es/hd_510x_/img_pim_food/143131_00_1.jpg
https://www.carrefour.es/supermercado/vinagre-de-manzana-sin-filtrar-ecologico-carrefour-bio-500-ml/R-fprod1430058/p,Vinagre de manzana sin filtrar ecológico Carrefour Bio 500 ml.,"2,25 €",,"4,50 €/l",,La Despensa,Alimentación,Aceites y vinagres,https://static.carrefour.es/hd_510x_/img_pim_food/370951_00_1.jpg
https://www.carrefour.es/supermercado/gel-crema-de-dia-vitamina-c-aha24-regenerist-olay-50-ml/R-VC4AECOMM-769036/p,Gel crema de día Vitamina C + AHA24 Regenerist Olay 50 ml.,"35,60 €",,"71,20 €/100ml",,Perfumería e Higiene,Cuidado y Protección Corporal,Piel,https://static.carrefour.es/hd_510x_/img_pim_food/769036_00_1.jpg
https://www.carrefour.es/supermercado/leche-fermentada-de-fresa-carrefour-classic-sin-gluten-sin-lactosa-pack-d-4-unidades-de-160-g/R-VC4AECOMM-720405/p,Leche fermentada de fresa Carrefour Classic' sin gluten sin lactosa pack d 4 unidades de 160 g.,"1,99 €",,"3,11 €/kg",,La Despensa,Yogures y Postres,Yogures Líquidos,https://static.carrefour.es/hd_510x_/img_pim_food/720405_00_1.jpg
https://www.carrefour.es/supermercado/mojama-de-atun-de-nuestra-tierra-taco-de-300-g/R-prod1070007/p,Mojama de Atún De Nuestra Tierra taco de 300 g,"15,99 €",,"53,30 €/kg",,Productos Frescos,Pescadería,Ahumados y Huevas,https://static.carrefour.es/hd_510x_/img_pim_food/125806_00_1.jpg
https://www.carrefour.es/supermercado/limpiador-desinfectante-banos-poder-antical-sin-lejia-sanytol-750-ml/R-605301893/p,Limpiador desinfectante baños poder antical sin lejía Sanytol 750 ml.,"3,55 €",,"4,73 €/l",,Limpieza y Hogar,Productos para Baño,Limpiadores Antical Baño,https://static.carrefour.es/hd_510x_/img_pim_food/303238_00_1.jpg
https://www.carrefour.es/supermercado/cacao-negro-intenso-soluble-70-valor-sin-gluten-300-g/R-prod830149/p,Cacao negro intenso soluble 70% Valor sin gluten 300 g.,"4,89 €",,"16,30 €/kg",,,,,https://static.carrefour.es/hd_510x_/img_pim_food/286391_00_1.jpg
https://www.carrefour.es/supermercado/crema-de-vinagre-de-manzana-sin-azucares-anadidos-narasol-400-gr/R-prod1000118/p,Crema de vinagre de manzana sin azucares añadidos Narasol 400 gr.,"2,25 €",,"5,62 €/kg",,La Despensa,Alimentación,Aceites y vinagres,https://static.carrefour.es/hd_510x_/img_pim_food/075768_00_1.jpg
https://www.carrefour.es/supermercado/esponja-de-bano-peeling-actibel-1-ud/R-546306808/p,Esponja de baño Peeling Actibel 1 ud.,"3,69 €",,"3,69 €/ud",,Perfumería e Higiene,Baño e Higiene Corporal,"Esponjas, Manoplas y Cepillos de Baño",https://static.carrefour.es/hd_510x_/img_pim_food/453644_00_1.jpg
https://www.carrefour.es/supermercado/preparado-de-manzana-pera-y-melocoton-desde-6-meses-be-plus-sin-gluten-pack-de-2-unidades-de-200-g/R-VC4AECOMM-563864/p,"Preparado de manzana, pera y melocotón desde 6 meses Be Plus sin gluten pack de 2 unidades de 200 g.","2,15 €",,"5,37 €/kg",,Bebé,Alimentación infantil,"Postres, Zumos, Petit y Yogures Infantiles",https://static.carrefour.es/hd_510x_/img_pim_food/563864_00_1.jpg
https://www.carrefour.es/supermercado/mascarilla-capilar-reparadora-para-cabello-muy-danado-total-repair-5-elvive-loreal-paris-300-ml/R-529043223/p,Mascarilla capilar reparadora para cabello muy dañado Total Repair 5 Elvive L'Oréal Paris 300 ml.,"4,50 €",,"1,45 €/100ml",,Perfumería e Higiene,Cabello,Cuidado y Tratamientos del cabello,https://static.carrefour.es/hd_510x_/img_pim_food/103783_00_1.jpg
https://www.carrefour.es/supermercado/bloque-de-helado-sabor-a-nata-gran-dama-camy-sin-gluten-405-g/R-607402111/p,Bloque de helado sabor a nata Gran Dama Camy sin gluten 405 g.,"4,39 €",,"9,07 €/kg",,Congelados,Helados,Tartas Heladas,https://static.carrefour.es/hd_510x_/img_pim_food/352009_00_1.jpg
https://www.carrefour.es/supermercado/caramelos-de-goma-funky-mix-haribo-1-kg/R-VC4AECOMM-264507/p,Caramelos de goma Funky Mix Haribo 1 kg.,"9,89 €",,"9,89 €/kg",,La Despensa,Dulce,Dulces y Golosinas,https://static.carrefour.es/hd_510x_/img_pim_food/264507_00_1.jpg
https://www.carrefour.es/supermercado/hogaza-de-pan-100-integral-carrefour-500-g/R-VC4AECOMM-436829/p,Hogaza de Pan 100% Integral Carrefour 500 g.,"1,86 €",,"3,72 €/kg",,La Despensa,"Panaderia, Bollería y Pastelería",Pan de Molde,https://static.carrefour.es/hd_510x_/img_pim_food/436829_00_1.jpg
https://www.carrefour.es/supermercado/pizza-crousty-cheese-sensation-carrefour-448-g/R-VC4AECOMM-036906/p,Pizza Crousty cheese Sensation Carrefour 448 g.,"4,55 €",,"10,16 €/kg",,Congelados,Pizzas Congeladas,,https://static.carrefour.es/hd_510x_/img_pim_food/036906_00_1.jpg
https://www.carrefour.es/supermercado/espinacas-con-pasas-y-pinones-salteados-findus-400-g/R-617901915/p,Espinacas con pasas y piñones Salteados Findus 400 g,"3,59 €",,"8,97 €/kg",,Productos Frescos,Verduras y hortalizas,,https://static.carrefour.es/hd_510x_/img_pim_food/668917_00_1.jpg
https://www.carrefour.es/supermercado/recambios-cabezales-cepillo-electrico-negro-pro-crossaction-oral-b-4-ud/R-VC4AECOMM-213117/p,Recambios cabezales cepillo eléctrico negro Pro CrossAction Oral-B 4 ud.,"21,80 €",,"5,45 €/ud",,Perfumería e Higiene,Boca y Sonrisa,"Cepillos, Recambios y Accesorios",https://static.carrefour.es/hd_510x_/img_pim_food/213117_00_1.jpg
https://www.carrefour.es/supermercado/tortillas-de-trigo-old-el-paso-244-g/R-521006864/p,Tortillas de trigo Old El Paso 244 g.,"2,59 €",,"10,61 €/kg",,La Despensa,"Conservas, Sopas y Precocinados","Tortillas, Empanadillas y Sandwiches",https://static.carrefour.es/hd_510x_/img_pim_food/684074_00_1.jpg
https://www.carrefour.es/supermercado/lcasei-liquido-sabor-fresa-carrefour-classic-pack-de-12-unidades-de-100-g/R-799715474/p,L.Casei líquido sabor fresa Carrefour Classic' pack de 12 unidades de 100 g.,"2,40 €",,"2,00 €/kg",,La Despensa,Yogures y Postres,Yogures Líquidos,https://static.carrefour.es/hd_510x_/img_pim_food/904623_00_1.jpg
https://www.carrefour.es/supermercado/sopa-thai-de-fideos-setas-y-coco-knorr-69-g/R-816214611/p,"Sopa Thai de fideos, setas y coco Knorr 69 g.","1,99 €",,"28,84 €/kg",,La Despensa,"Conservas, Sopas y Precocinados","Caldos, Sopas y Pure",https://static.carrefour.es/hd_510x_/img_pim_food/945128_00_1.jpg
https://www.carrefour.es/supermercado/brocoli-en-floretes-ecologico-carrefour-bio-600-g/R-VC4AECOMM-511245/p,Brócoli en floretes ecológico Carrefour Bio 600 g.,"2,79 €",,"5,17 €/kg",,Congelados,Verduras Congeladas,,https://static.carrefour.es/hd_510x_/img_pim_food/511245_00_1.jpg
https://www.carrefour.es/supermercado/cereales-integrales-con-chocolate-chocapic-nestle-750-g/R-540202144/p,Cereales integrales con chocolate Chocapic Nestlé 750 g.,"4,29 €",,"5,72 €/kg",,La Despensa,Desayuno,Cereales,https://static.carrefour.es/hd_510x_/img_pim_food/796103_00_1.jpg
https://www.carrefour.es/supermercado/jamon-cocido-extra-en-finas-lochas-casa-tarradellas-sin-gluten-y-sin-lactosa-125-g/R-VC4AECOMM-698151/p,Jamón Cocido Extra en finas lochas Casa Tarradellas sin gluten y sin lactosa 125 g,"2,25 €",,"18,00 €/kg",,Productos Frescos,Charcutería,Jamón Cocido y Lacón,https://static.carrefour.es/hd_510x_/img_pim_food/698151_00_1.jpg
https://www.carrefour.es/supermercado/cortaunas-carrefour-1-ud/R-521001088/p,Cortauñas Carrefour 1 ud.,"1,90 €",,"1,90 €/ud",,Perfumería e Higiene,Cosmética,Accesorios de Maquillaje y Manicura y Pedicura,https://static.carrefour.es/hd_510x_/img_pim_food/230068_00_1.jpg
https://www.carrefour.es/supermercado/pimienta-negra-molida-carmencita-sin-gluten-52-g/R-521005077/p,Pimienta negra molida Carmencita sin gluten 52 g.,"3,09 €",,"59,42 €/kg",,La Despensa,Alimentación,Especias y Sazonadores,https://static.carrefour.es/hd_510x_/img_pim_food/002182_00_1.jpg
https://www.carrefour.es/supermercado/barritas-de-chocolate-con-relleno-de-crema-de-leche-kinder-chocolate-100-g/R-521008072/p,Barritas de chocolate con relleno de crema de leche Kinder Chocolate 100 g.,"1,79 €",,"17,90 €/kg",,La Despensa,Dulce,Bombones y Chocolates,https://static.carrefour.es/hd_510x_/img_pim_food/001974_00_1.jpg
https://www.carrefour.es/supermercado/la-gula-del-norte-salteadas-al-ajillo-la-cazuelitas-210-g/R-710412242/p,La Gula del Norte salteadas al ajillo La Cazuelitas 210 g,"6,35 €",,"30,24 €/kg",,Productos Frescos,Pescadería,Surimi y Elaborados,https://static.carrefour.es/hd_510x_/img_pim_food/425852_00_1.jpg
https://www.carrefour.es/supermercado/menestra-de-verduras-ecologicas-carrefour-bio-600-g/R-VC4AECOMM-598067/p,Menestra de verduras ecológicas Carrefour Bio 600 g.,"3,09 €",,"5,15 €/kg",,Congelados,Verduras Congeladas,,https://static.carrefour.es/hd_510x_/img_pim_food/598067_00_1.jpg
https://www.carrefour.es/supermercado/tumaca-con-ajo-y-aceite-de-oliva-carrefour-370-g/R-521005886/p,Tumaca con ajo y aceite de oliva Carrefour 370 g.,"1,91 €",,"5,16 €/kg",,La Despensa,"Conservas, Sopas y Precocinados",Conservas de Tomate,https://static.carrefour.es/hd_510x_/img_pim_food/752711_00_1.jpg
https://www.carrefour.es/supermercado/yoghourt-bebible-alto-en-proteinas-con-vainilla-de-madagascar-pastoret-sin-gluten-y-sin-lactosa-250-g/R-VC4AECOMM-422069/p,Yoghourt bebible alto en proteínas con vainilla de Madagascar Pastoret sin gluten y sin lactosa 250 g.,"2,95 €",,"11,80 €/kg",,La Despensa,Yogures y Postres,Yogures Desnatados,https://static.carrefour.es/hd_510x_/img_pim_food/422069_00_1.jpg
https://www.carrefour.es/supermercado/cafe-molido-mezcla-intenso-la-estrella-250-g/R-538001430/p,Café molido mezcla intenso La Estrella 250 g.,"2,75 €",,"11,00 €/kg",,,,,https://static.carrefour.es/hd_510x_/img_pim_food/028452_00_1.jpg
https://www.carrefour.es/supermercado/ajo-granulado-carrefour-55-g/R-prod710288/p,Ajo granulado Carrefour 55 g.,"0,55 €",,"10,00 €/kg",,La Despensa,Alimentación,Especias y Sazonadores,https://static.carrefour.es/hd_510x_/img_pim_food/851265_00_1.jpg
https://www.carrefour.es/supermercado/galletas-maria-gullon-zero-sin-azucar-400-g/R-521002757/p,Galletas María Gullón Zero sin azúcar 400 g.,"2,55 €",,"6,37 €/kg",,La Despensa,Desayuno,Galletas,https://static.carrefour.es/hd_510x_/img_pim_food/442035_00_1.jpg
https://www.carrefour.es/supermercado/nachos-sabor-chile-sensation-carrefour-sin-gluten-200-g/R-VC4AECOMM-696600/p,Nachos sabor chile Sensation Carrefour sin gluten 200 g.,"1,20 €",,"6,00 €/kg",,La Despensa,"Conservas, Sopas y Precocinados","Tortillas, Empanadillas y Sandwiches",https://static.carrefour.es/hd_510x_/img_pim_food/696600_00_1.jpg
https://www.carrefour.es/supermercado/pechuga-de-pollo-entera-coren-450-g-aprox/R-521032546/p,Pechuga de pollo entera Coren 450 g aprox,"2,99 €",,"6,65 €/kg",,Productos Frescos,Carnicería,Aves y Pollo,https://static.carrefour.es/hd_510x_/img_pim_food/711566_00_1.jpg
https://www.carrefour.es/supermercado/perfume-para-la-ropa-en-perlas-concentrado-frescor-alpes-unstoppables-lenor-210-g/R-VC4AECOMM-108038/p,Perfume para la ropa en perlas concentrado frescor Alpes Unstoppables Lenor 210 g.,"7,39 €",,"35,19 €/kg",,Limpieza y Hogar,Cuidado de la Ropa,Suavizantes,https://static.carrefour.es/hd_510x_/img_pim_food/108038_00_1.jpg
https://www.carrefour.es/supermercado/huevo-cocido-campero-carrefour-el-mercado-6-ud/R-VC4AECOMM-320266/p,Huevo cocido campero Carrefour El Mercado 6 ud.,"1,75 €",,"3,50 €/docena",,La Despensa,Huevos,Huevos frescos,https://static.carrefour.es/hd_510x_/img_pim_food/320266_00_1.jpg
https://www.carrefour.es/supermercado/tarrito-de-pera-y-manzana-desde-4-meses-ecologico-hero-solo-sin-gluten-120-g/R-833209547/p,Tarrito de pera y manzana desde 4 meses ecológico Hero Solo sin gluten 120 g.,"1,56 €",,"13,00 €/kg",,Bebé,Alimentación infantil,"Postres, Zumos, Petit y Yogures Infantiles",https://static.carrefour.es/hd_510x_/img_pim_food/970277_00_1.jpg
https://www.carrefour.es/supermercado/vino-blanco-extra-dry-velodoro-doc-prosecco-75-cl/R-VC4AECOMM-307336/p,Velodoro Blanco,"5,65 €",,"5,65 €/ud",,Bebidas,Vinos,Blanco,https://static.carrefour.es/hd_510x_/img_pim_food/307336_00_1.jpg
https://www.carrefour.es/supermercado/cola-de-gambon-pelado-congelado-carrefour-400-g/R-825914811/p,Cola de gambón pelado congelado Carrefour 400 g,"9,85 €",,"24,62 €/kg",,Congelados,Mariscos Congelados,,https://static.carrefour.es/hd_510x_/img_pim_food/945577_00_1.jpg
https://www.carrefour.es/supermercado/zanahoria-en-tiras-classic-carrefour-250-g/R-VC4AECOMM-705230/p,Zanahoria en tiras Classic Carrefour 250 g.,"1,39 €",,"5,56 €/kg",,La Despensa,"Conservas, Sopas y Precocinados",Conservas de Vegetales,https://static.carrefour.es/hd_510x_/img_pim_food/705230_00_1.jpg
https://www.carrefour.es/supermercado/compresas-normal-sin-alas-cottonlike-evax-20-ud/R-521012165/p,Compresas normal sin alas Cottonlike Evax 20 ud.,"2,85 €",,"0,14 €/ud",,Perfumería e Higiene,Higiene íntima,Compresas,https://static.carrefour.es/hd_510x_/img_pim_food/001466_00_1.jpg
https://www.carrefour.es/supermercado/caldo-de-pollo-gourmet-gallina-blanca-sin-gluten-1-l/R-611401711/p,Caldo de pollo gourmet Gallina Blanca sin gluten 1 l.,"3,29 €",,"3,29 €/l",,La Despensa,"Conservas, Sopas y Precocinados","Caldos, Sopas y Pure",https://static.carrefour.es/hd_510x_/img_pim_food/403889_00_1.jpg
https://www.carrefour.es/supermercado/gel-de-ducha-sensible-cuidado-hidratante-nb-palmolive-600-ml/R-VC4AECOMM-292778/p,Gel de ducha sensible cuidado hidratante NB Palmolive 600 ml.,"3,35 €",,"0,56 €/100ml",,Perfumería e Higiene,Baño e Higiene Corporal,Geles de Baño,https://static.carrefour.es/hd_510x_/img_pim_food/292778_00_1.jpg
https://www.carrefour.es/supermercado/sepia-limpia-900-g-aprox/R-VC4AECOMM-036666/p,Sepia limpia 900 g aprox,"13,40 €",,"14,89 €/kg",,Productos Frescos,Pescadería,"Pulpo, Calamar y Sepia",https://static.carrefour.es/hd_510x_/img_pim_food/036666_00_1.jpg
https://www.carrefour.es/supermercado/galletas-caramelizadas-lotus-biscoff-250-g/R-544101824/p,Galletas caramelizadas Lotus Biscoff 250 g.,"1,99 €",,"7,96 €/kg",,La Despensa,Desayuno,Galletas,https://static.carrefour.es/hd_510x_/img_pim_food/230466_00_1.jpg
https://www.carrefour.es/supermercado/champu-detox-carrefour-soft-400-ml/R-VC4AECOMM-643688/p,Champú detox Carrefour Soft 400 ml.,"2,05 €",,"0,51 €/100ml",,Perfumería e Higiene,Cabello,Champús,https://static.carrefour.es/hd_510x_/img_pim_food/643688_00_1.jpg
https://www.carrefour.es/supermercado/pechuga-de-pollo-al-natural-en-tiras-carrefour-sin-gluten-140-g/R-VC4AECOMM-476944/p,Pechuga de pollo al natural en tiras Carrefour sin gluten 140 g.,"1,95 €",,"13,93 €/kg",,Productos Frescos,Charcutería,Fiambre de Pavo y Pollo,https://static.carrefour.es/hd_510x_/img_pim_food/476944_00_1.jpg
https://www.carrefour.es/supermercado/chocolate-negro-85-cacao-nestle-sin-gluten-120-g/R-VC4AECOMM-593615/p,Chocolate negro 85% cacao Nestlé sin gluten 120 g.,"2,75 €",,"22,92 €/kg",,La Despensa,Dulce,Bombones y Chocolates,https://static.carrefour.es/hd_510x_/img_pim_food/593615_00_1.jpg
https://www.carrefour.es/supermercado/kombucha-te-verde-ecologico-carrefour-bio-botella-250-ml/R-VC4AECOMM-174829/p,Kombucha té verde ecológico Carrefour Bio botella 250 ml.,"2,29 €",,"9,16 €/l",,Bebidas,Refrescos,Kombucha,https://static.carrefour.es/hd_510x_/img_pim_food/174829_00_1.jpg
https://www.carrefour.es/supermercado/detergente-en-capsulas-maxima-eficacia-skip-ultimate-32-lavados/R-VC4AECOMM-106140/p,Detergente en cápsulas máxima eficacia Skip Ultimate 32 lavados,"15,45 €",,"0,48 €/lavado",,Limpieza y Hogar,Cuidado de la Ropa,Detergentes,https://static.carrefour.es/hd_510x_/img_pim_food/106140_00_1.jpg
https://www.carrefour.es/supermercado/helado-bites-de-chocolate-haagen-dazs-128-ml/R-VC4AECOMM-337636/p,Helado Bites de Chocolate Häagen-Dazs 128 ml.,"7,05 €",,"58,75 €/kg",,Congelados,Helados,Tarrinas,https://static.carrefour.es/hd_510x_/img_pim_food/337636_00_1.jpg
https://www.carrefour.es/supermercado/dentifrico-sensitive-professional-elmex-75-ml/R-VC4AECOMM-638579/p,Dentífrico Sensitive Professional Elmex 75 ml.,"7,95 €",,"10,60 €/100ml",,Parafarmacia,Higiene Bucal,Pasta de dientes,https://static.carrefour.es/hd_510x_/img_pim_food/638579_00_1.jpg
https://www.carrefour.es/supermercado/escamas-de-parmesano-carrefour-extra-80-g/R-VC4AECOMM-053817/p,Escamas de parmesano Carrefour Extra 80 g.,"2,29 €",,"28,62 €/kg",,Productos Frescos,Quesos,Todos los Quesos,https://static.carrefour.es/hd_510x_/img_pim_food/053817_00_1.jpg
https://www.carrefour.es/supermercado/gamba-blanca-cruda-congelado-carrefour-extra-400-g/R-577501577/p,Gamba blanca cruda congelado Carrefour Extra 400 g,"6,99 €",,"17,47 €/kg",,,,,https://static.carrefour.es/hd_510x_/img_pim_food/287102_00_1.jpg
https://www.carrefour.es/supermercado/cerveza-estrella-damm-mediterranea-pack-de-12-botellas-de-25-cl/R-521028261/p,Cerveza Estrella Damm mediterránea pack de 12 botellas de 25 cl.,"7,45 €",,"2,48 €/l",,Bebidas,Cerveza,Todas las Cervezas,https://static.carrefour.es/hd_510x_/img_pim_food/152758_00_1.jpg
https://www.carrefour.es/supermercado/toallitas-carrefour-baby-milky-x72/R-728807149/p,Toallitas Carrefour Baby Milky x72,"1,26 €",,"0,02 €/ud",,Bebé,Pañales y Toallitas,Toallitas,https://static.carrefour.es/hd_510x_/img_pim_food/674099_00_1.jpg
https://www.carrefour.es/supermercado/mousse-desnatado-de-proteina-chocolate-sin-azucar-anadido-danone-yopro-200-g/R-VC4AECOMM-100507/p,Mousse desnatado de proteína chocolate sin azúcar añadido Danone Yopro 200 g.,"2,15 €",,"10,75 €/kg",,La Despensa,Yogures y Postres,Proteína,https://static.carrefour.es/hd_510x_/img_pim_food/100507_00_1.jpg
https://www.carrefour.es/supermercado/queso-cheddar-madurado-extra-mature-castello-200-g/R-VC4AECOMM-678203/p,Queso cheddar madurado extra mature Castello 200 g,"6,58 €",,"32,90 €/kg",,Productos Frescos,Quesos,Todos los Quesos,https://static.carrefour.es/hd_510x_/img_pim_food/678203_00_1.jpg
https://www.carrefour.es/supermercado/prime-blue-raspberry-botella-500-ml/R-VC4AECOMM-194923/p,Prime blue raspberry botella 500 ml.,"3,25 €",,"6,50 €/l",,Bebidas,Refrescos,Isotónicas,https://static.carrefour.es/hd_510x_/img_pim_food/194923_00_1.jpg
https://www.carrefour.es/supermercado/cepillo-de-dientes-extra-suave-para-ninos-2-6-anos-colgate-1-ud/R-521000441/p,Cepillo de dientes extra suave para niños 2-6 años Colgate 1 ud.,"3,49 €",,"3,49 €/ud",,Perfumería e Higiene,Boca y Sonrisa,"Cepillos, Recambios y Accesorios",https://static.carrefour.es/hd_510x_/img_pim_food/607139_00_1.jpg
https://www.carrefour.es/supermercado/banana-a-granel-1-kg-aprox/R-529921745/p,Banana a granel 1 Kg aprox,"1,39 €",,"1,39 €/kg",,Productos Frescos,Ofertas en Productos Frescos,,https://static.carrefour.es/hd_510x_/img_pim_food/035834_00_1.jpg
https://www.carrefour.es/supermercado/enjuague-bucal-mentol-listerine-95-ml/R-764905875/p,Enjuague bucal mentol Listerine 95 ml.,"1,52 €",,"1,60 €/100ml",,Perfumería e Higiene,Boca y Sonrisa,Enjuagues Bucales,https://static.carrefour.es/hd_510x_/img_pim_food/773481_00_1.jpg
https://www.carrefour.es/supermercado/mini-bombones-helados-clasico-almendras-y-chocolate-blanco-bomboniera-magnum-sin-gluten-12-ud/R-VC4AECOMM-563797/p,"Mini bombones helados clásico, almendras y chocolate blanco Bomboniera Magnum sin gluten 12 ud.","3,95 €",,"0,33 €/ud",,Congelados,Helados,Bombón Helado,https://static.carrefour.es/hd_510x_/img_pim_food/563797_00_1.jpg
https://www.carrefour.es/supermercado/vitaminas-vitalidad-con-jalea-real-y-coenzima-q10-en-comprimidos-leotron-sin-gluten-sin-lactosa-30-ud/R-VC4AECOMM-630924/p,Vitaminas Vitalidad con jalea real y coenzima Q10 en comprimidos Leotron sin gluten sin lactosa 30 ud.,"10,85 €",,"22,14 €/100g",,Parafarmacia,Nutrición y Dietética,Complementos Vitamínicos,https://static.carrefour.es/hd_510x_/img_pim_food/630924_00_1.jpg
https://www.carrefour.es/supermercado/cafe-con-leche-descafeinado-en-capsulas-nescafe-dolce-gusto-30-ud/R-VC4AECOMM-059612/p,Café con leche descafeinado en cápsulas Nescafé Dolce Gusto 30 ud.,"9,75 €",,"32,50 €/kg",,La Despensa,Desayuno,Cafés,https://static.carrefour.es/hd_510x_/img_pim_food/059612_00_1.jpg
https://www.carrefour.es/supermercado/colageno-acido-hialuronico-en-capsulas-sanon-60-ud/R-prod231017/p,Colágeno + ácido hialurónico en cápsulas Sanon 60 ud.,"9,39 €",,"26,83 €/100g",,Parafarmacia,Nutrición y Dietética,Complementos Vitamínicos,https://static.carrefour.es/hd_510x_/img_pim_food/973267_00_1.jpg
https://www.carrefour.es/supermercado/brazo-de-chocolate-blanco-500-g/R-VC4AECOMM-001283/p,Brazo de Chocolate Blanco 500 g,"7,95 €",,"15,90 €/kg",,Productos Frescos,Panadería Tradicional,Pastelería y Repostería,https://static.carrefour.es/hd_510x_/img_pim_food/001283_00_1.jpg
https://www.carrefour.es/supermercado/jamon-cocido-extra-loncheado-ricura-el-pozo-sin-gluten-300-g/R-844300597/p,Jamón cocido extra loncheado Ricura El Pozo sin gluten 300 g,"2,69 €",,"8,97 €/kg",,Productos Frescos,Charcutería,Jamón Cocido y Lacón,https://static.carrefour.es/hd_510x_/img_pim_food/987301_00_1.jpg
https://www.carrefour.es/supermercado/queso-de-oveja-curado-carrefour-820-g/R-VC4AECOMM-391604/p,Queso de oveja curado Carrefour 820 g,"14,09 €",,"17,18 €/kg",,Productos Frescos,Quesos,Todos los Quesos,https://static.carrefour.es/hd_510x_/img_pim_food/391604_00_1.jpg
https://www.carrefour.es/supermercado/cereales-de-trigo-integral-arroz-y-avena-integral-tostados-con-chocolate-con-leche-fitness-nestle-375-g/R-521003305/p,"Cereales de trigo integral, arroz y avena integral tostados con chocolate con leche Fitness Nestlé 375 g.","3,85 €",,"10,27 €/kg",,La Despensa,Desayuno,Cereales,https://static.carrefour.es/hd_510x_/img_pim_food/535902_00_1.jpg
https://www.carrefour.es/supermercado/detergente-en-capsulas-extra-frescor-nenuco-colon-32-ud/R-prod1000701/p,Detergente en cápsulas extra frescor Nenuco Colon 32 ud.,"17,19 €",,"0,54 €/lavado",,Limpieza y Hogar,Cuidado de la Ropa,Detergentes,https://static.carrefour.es/hd_510x_/img_pim_food/085520_00_1.jpg
https://www.carrefour.es/supermercado/bandejgato-peq-crf/R-prod211627/p,Bandejgato Peq Crf,"3,50 €",,"3,50 €/ud",,Mascotas,Gatos,Accesorios e Higiene,
https://www.carrefour.es/supermercado/purina-friskies-pienso-para-gato-adulto-bacalao-y-verduras-4kg/R-521007726/p,Purina Friskies Pienso para Gato Adulto Bacalao y Verduras 4Kg,"11,29 €",,"2,82 €/kg",,Mascotas,Gatos,Pienso para gatos,https://static.carrefour.es/hd_510x_/img_pim_food/180035_00_1.jpg
https://www.carrefour.es/supermercado/cereales-granola-con-coco-y-limon-ecologicos-la-newyorkina-doypack-275-g/R-VC4AECOMM-510797/p,Cereales granola con coco y limón ecológicos La Newyorkina doypack 275 g.,"6,09 €",,"22,15 €/l",,La Despensa,Desayuno,Cereales,https://static.carrefour.es/hd_510x_/img_pim_food/510797_00_1.jpg
https://www.carrefour.es/supermercado/leche-semidesnatada-president-sin-lactosa-brik-1-l/R-VC4AECOMM-354471/p,Leche semidesnatada Président sin lactosa brik 1 l.,"1,44 €",,"1,44 €/l
- 8,64 €/6 uds.",,La Despensa,Lácteos,Leche,https://static.carrefour.es/hd_510x_/img_pim_food/354471_00_1.jpg
https://www.carrefour.es/supermercado/acondicionador-nutri-rizos-para-cabello-rizado-u-ondulado-garnier-fructis-250-ml/R-prod222268/p,Acondicionador Nutri Rizos para cabello rizado u ondulado Garnier Fructis 250 ml.,"4,09 €",,"1,64 €/100ml",,Perfumería e Higiene,Cabello,Acondicionadores,https://static.carrefour.es/hd_510x_/img_pim_food/312477_00_1.jpg
https://www.carrefour.es/supermercado/bolsas-antipolillas-lavanda-carrefour-24-ud/R-prod360286/p,Bolsas antipolillas lavanda Carrefour 24 ud.,"1,20 €",,"0,05 €/ud",,Limpieza y Hogar,Productos para toda la casa,Insecticidas,https://static.carrefour.es/hd_510x_/img_pim_food/429745_00_1.jpg
https://www.carrefour.es/supermercado/pepinillos-miel-sensation-carrefour-160-g/R-VC4AECOMM-417864/p,Pepinillos miel Sensation Carrefour 160 g.,"1,45 €",,"9,06 €/kg",,La Despensa,Aperitivos,Aceitunas y Encurtidos,https://static.carrefour.es/hd_510x_/img_pim_food/417864_00_1.jpg
https://www.carrefour.es/supermercado/berenjena-alino-suave-antonio-la-berenjena-sin-gluten-350-g/R-867800306/p,Berenjena aliño suave Antonio La Berenjena sin gluten 350 g.,"3,89 €",,"11,11 €/kg",,La Despensa,Aperitivos,Aceitunas y Encurtidos,https://static.carrefour.es/hd_510x_/img_pim_food/038884_00_1.jpg
https://www.carrefour.es/supermercado/maquinillas-desechables-para-mujer-2-hojas-carrefour-soft-10-ud/R-VC4AECOMM-479736/p,Maquinillas desechables para mujer 2 hojas Carrefour Soft 10 ud.,"1,78 €",,"0,18 €/ud",,Perfumería e Higiene,Depilación y Afeitado,Maquinillas y Recambios,https://static.carrefour.es/hd_510x_/img_pim_food/479736_00_1.jpg
https://www.carrefour.es/supermercado/crema-de-manos-concentrada-con-perfume-neutrogena-2-unidades-50-ml/R-692602468/p,Crema de manos concentrada con perfume Neutrogena 2 unidades 50 ml.,"9,90 €",,"9,90 €/100ml",,Parafarmacia,Cuidado de manos y pies,Crema de Manos,https://static.carrefour.es/hd_510x_/img_pim_food/026951_00_1.jpg
https://www.carrefour.es/supermercado/yogur-griego-sabor-lima-limon-danone-oikos-sin-gluten-pack-de-4-unidades-de-110-g/R-VC4AECOMM-576250/p,Yogur griego sabor lima limón Danone Oikos sin gluten pack de 4 unidades de 110 g.,"2,85 €",,"6,48 €/kg",,La Despensa,Yogures y Postres,Yogures Griegos y Enriquecidos,https://static.carrefour.es/hd_510x_/img_pim_food/576250_00_1.jpg
https://www.carrefour.es/supermercado/solomillos-de-salmon-ahumado-noruego-royal-pack-de-2-unidades-de-50-g/R-521010001/p,Solomillos de salmón ahumado noruego Royal pack de 2 unidades de 50 g.,"9,35 €",,"93,50 €/kg",,Productos Frescos,Pescadería,Ahumados y Huevas,https://static.carrefour.es/hd_510x_/img_pim_food/685485_00_1.jpg
https://www.carrefour.es/supermercado/whisky-fireball-70-cl/R-prod221034/p,Whisky Fireball 70 cl.,"13,89 €",,"19,84 €/l",,Bebidas,Licores y Cremas,Licores y Orujo,https://static.carrefour.es/hd_510x_/img_pim_food/988673_00_1.jpg
https://www.carrefour.es/supermercado/yogur-frutas-con-fresas-extra-carrefour-sin-gluten-pack-de-2-unidades-de-125-g/R-VC4AECOMM-720360/p,Yogur frutas con fresas Extra Carrefour sin gluten pack de 2 unidades de 125 g.,"1,44 €",,"5,76 €/kg",,La Despensa,Yogures y Postres,Yogur Natural y Sabores,https://static.carrefour.es/hd_510x_/img_pim_food/720360_00_1.jpg
https://www.carrefour.es/supermercado/colorante-en-gel-bigote-y-barba-negro-just-for-men-15-ml/R-VC4AECOMM-570398/p,Colorante en gel bigote y barba negro Just for Men 15 ml.,"10,69 €",,"71,27 €/100ml",,Parafarmacia,Cabello,Tintes,https://static.carrefour.es/hd_510x_/img_pim_food/570398_00_1.jpg
https://www.carrefour.es/supermercado/mini-galletas-the-simpsons-kids-30-azucares-sin-edulcorantes-arluy-400-g/R-VC4AECOMM-745503/p,Mini galletas The Simpsons Kid's -30% azúcares sin edulcorantes Arluy 400 g.,"3,99 €",,"9,97 €/kg",,La Despensa,Desayuno,Galletas,https://static.carrefour.es/hd_510x_/img_pim_food/745503_00_1.jpg
https://www.carrefour.es/supermercado/cartilago-de-tiburon-sanon-100-ud/R-595501993/p,Cartílago de tiburón Sanon 100 ud.,"11,15 €",,"20,65 €/100g",,Parafarmacia,Nutrición y Dietética,Complementos Vitamínicos,https://static.carrefour.es/hd_510x_/img_pim_food/351229_00_1.jpg
https://www.carrefour.es/supermercado/pizza-de-jamon-serrano-casa-tarradellas-390-g/R-521030192/p,Pizza de jamón serrano Casa Tarradellas 390 g.,"3,29 €",,"8,44 €/kg",,La Despensa,"Conservas, Sopas y Precocinados",Pizzas,https://static.carrefour.es/hd_510x_/img_pim_food/705213_00_1.jpg
https://www.carrefour.es/supermercado/aceitunas-verdes-alino-casero-carbonell-tarro-450-g/R-VC4AECOMM-079406/p,Aceitunas verdes aliño casero Carbonell Tarro 450 g,"5,29 €",,"11,76 €/kg",,La Despensa,Aperitivos,Aceitunas y Encurtidos,https://static.carrefour.es/hd_510x_/img_pim_food/079406_00_1.jpg
https://www.carrefour.es/supermercado/compresas-maxi-noche-absodys-carrefour-12-ud/R-857500370/p,Compresas maxi noche Absodys Carrefour 12 ud.,"3,55 €",,"0,30 €/ud",,Perfumería e Higiene,Higiene íntima,Incontinencia,https://static.carrefour.es/hd_510x_/img_pim_food/103758_00_1.jpg
https://www.carrefour.es/supermercado/cereales-oreo-os-weetabix-320-g/R-VC4AECOMM-491367/p,Cereales Oreo O's Weetabix 320 g.,"4,35 €",,"13,59 €/kg",,La Despensa,Desayuno,Cereales,https://static.carrefour.es/hd_510x_/img_pim_food/491367_00_1.jpg
https://www.carrefour.es/supermercado/cerveza-mahou-sin-alcohol-pack-de-12-latas-de-33-cl/R-562901549/p,Cerveza Mahou Sin alcohol pack de 12 latas de 33 cl.,"8,29 €",,"2,09 €/l",,Bebidas,Cerveza,Rubia,https://static.carrefour.es/hd_510x_/img_pim_food/760654_00_1.jpg
https://www.carrefour.es/supermercado/lasana-bolonesa-carrefour-extra-375-g/R-762341876/p,Lasaña boloñesa Carrefour Extra 375 g.,"3,15 €",,"8,40 €/kg",,La Despensa,"Conservas, Sopas y Precocinados",Platos Preparados,https://static.carrefour.es/hd_510x_/img_pim_food/770643_00_1.jpg
https://www.carrefour.es/supermercado/margarina-sabor-mantequilla-proactiv-sin-gluten-y-sin-lactosa-225-g/R-VC4AECOMM-057228/p,Margarina sabor mantequilla ProActiv sin gluten y sin lactosa 225 g,"3,19 €",,"14,18 €/kg",,La Despensa,Lácteos,Mantequillas y Margarinas,https://static.carrefour.es/hd_510x_/img_pim_food/057228_00_1.jpg
https://www.carrefour.es/supermercado/burger-de-proteina-de-guisante-green-cuisine-findus-200-g/R-VC4AECOMM-478502/p,Burger de proteína de guisante Green Cuisine Findus 200 g.,"4,45 €",,"22,25 €/kg",,Congelados,Rebozados y Platos Preparados,,https://static.carrefour.es/hd_510x_/img_pim_food/478502_00_1.jpg
https://www.carrefour.es/supermercado/caramelos-con-palo-relleno-de-chicle-xxl-chupa-chups-145-g/R-VC4AECOMM-348159/p,Caramelos con palo relleno de chicle XXL Chupa Chups 145 g.,"4,29 €",,"29,59 €/kg",,La Despensa,Dulce,Dulces y Golosinas,https://static.carrefour.es/hd_510x_/img_pim_food/348159_00_1.jpg
https://www.carrefour.es/supermercado/tarrito-de-verduritas-variadas-desde-4-meses-ecologico-carrefour-baby-bio-pack-de-2-unidades-de-200-g/R-VC4AECOMM-432632/p,Tarrito de verduritas variadas desde 4 meses ecológico Carrefour Baby Bio pack de 2 unidades de 200 g,"2,69 €",,"6,72 €/kg",,Bebé,Alimentación infantil,Tarritos y Platos Preparados,https://static.carrefour.es/hd_510x_/img_pim_food/432632_00_1.jpg
https://www.carrefour.es/supermercado/fabada-carrefour-350-g/R-fprod1190683/p,Fabada Carrefour 350 g.,"3,15 €",,"9,00 €/kg",,La Despensa,"Conservas, Sopas y Precocinados",Platos Preparados,https://static.carrefour.es/hd_510x_/img_pim_food/248261_00_1.jpg
https://www.carrefour.es/supermercado/tinte-de-cabello-permanente-tono-5-castano-claro-llongueras-color-advance-1-ud/R-521012214/p,Tinte de cabello permanente tono 5 castaño claro Llongueras Color Advance 1 ud.,"7,59 €",,"7,59 €/ud",,Perfumería e Higiene,Cabello,Tinte,https://static.carrefour.es/hd_510x_/img_pim_food/028634_00_1.jpg
https://www.carrefour.es/supermercado/bebida-de-avena-sin-azucar-alpro-brik-1-l/R-VC4AECOMM-732761/p,Bebida de avena sin azúcar Alpro brik 1 l.,"2,15 €",,"2,15 €/l",,La Despensa,Lácteos,Bebida Vegetal,https://static.carrefour.es/hd_510x_/img_pim_food/732761_00_1.jpg
https://www.carrefour.es/supermercado/arroz-redondo-sos-2-kg/R-521008350/p,Arroz redondo Sos 2 kg.,"3,72 €",,"1,86 €/kg",,La Despensa,Alimentación,Arroz y Cous Cous,https://static.carrefour.es/hd_510x_/img_pim_food/384976_00_1.jpg
https://www.carrefour.es/supermercado/lasana-bolonesa-carrefour-extra-350-g/R-VC4AECOMM-727105/p,Lasaña boloñesa Carrefour Extra 350 g.,"2,55 €",,"7,29 €/kg",,La Despensa,"Conservas, Sopas y Precocinados",Platos Preparados,https://static.carrefour.es/hd_510x_/img_pim_food/727105_00_1.jpg
https://www.carrefour.es/supermercado/recambio-cepillo-de-dientes-infantil-bateria-carrefour-soft-2-ud/R-VC4AECOMM-046343/p,Recambio cepillo de dientes infantil batería Carrefour Soft 2 ud.,"4,45 €",,"2,22 €/ud",,Perfumería e Higiene,Boca y Sonrisa,"Cepillos, Recambios y Accesorios",https://static.carrefour.es/hd_510x_/img_pim_food/046343_00_1.jpg
https://www.carrefour.es/supermercado/infusion-digestiva-en-bolsitas-carrefour-30-ud/R-prod690070/p,Infusión Digestiva en bolsitas Carrefour 30 ud.,"1,48 €",,"32,89 €/kg",,La Despensa,Desayuno,Infusiones y Tés,https://static.carrefour.es/hd_510x_/img_pim_food/847122_00_1.jpg
https://www.carrefour.es/supermercado/tinte-classic-10n-rubio-platino-farmatint-1-ud/R-590507726/p,Tinte Classic 10N Rubio Platino Farmatint 1 ud.,"9,29 €",,"9,29 €/ud",,Parafarmacia,Cabello,Tintes,https://static.carrefour.es/hd_510x_/img_pim_food/541589_00_1.jpg
https://www.carrefour.es/supermercado/agua-mineral-font-vella-25-l/R-677310391/p,"Agua mineral Font Vella 2,5 l.","1,21 €",,"0,48 €/l
- 4,84 €/4 uds.",,Bebidas,Aguas y Zumos,Agua de más de 2 litros,https://static.carrefour.es/hd_510x_/img_pim_food/036348_00_1.jpg
https://www.carrefour.es/supermercado/chocolate-con-leche-y-burbujas-con-caramelo-bubbly-milka-250-g/R-659201882/p,Chocolate con leche y burbujas con caramelo bubbly Milka 250 g.,"4,15 €",,"16,60 €/kg",,La Despensa,Dulce,Bombones y Chocolates,https://static.carrefour.es/hd_510x_/img_pim_food/310995_00_1.jpg
https://www.carrefour.es/supermercado/pasta-tiburon-n-1-gallo-450-g/R-VC4AECOMM-557329/p,Pasta tiburón nº 1 Gallo 450 g.,"1,41 €",,"3,13 €/kg",,La Despensa,Alimentación,Pastas,https://static.carrefour.es/hd_510x_/img_pim_food/557329_00_1.jpg
https://www.carrefour.es/supermercado/cera-de-peinado-efecto-brillante-science-les-cosmetiques-75-ml/R-VC4AECOMM-104836/p,Cera de peinado efecto brillante Science Les Cosmétiques 75 ml.,"2,69 €",,"3,59 €/100ml",,Perfumería e Higiene,Cabello,Fijadores,https://static.carrefour.es/hd_510x_/img_pim_food/104836_00_1.jpg
https://www.carrefour.es/supermercado/natillas-sustitutivas-sabor-chocolate-en-sobres-bimanan-beslim-6-ud/R-652601838/p,Natillas sustitutivas sabor chocolate en sobres Bimanán BeSlim 6 ud.,"16,09 €",,"6,44 €/100g",,Parafarmacia,Nutrición y Dietética,Batidos E Infusiones,https://static.carrefour.es/hd_510x_/img_pim_food/145208_00_1.jpg
https://www.carrefour.es/supermercado/filetes-de-caballa-del-sur-en-escabeche-classic-carrefour-pack-de-2-latas-de-65-g/R-VC4AECOMM-488902/p,Filetes de caballa del sur en escabeche Classic Carrefour pack de 2 latas de 65 g.,"2,19 €",,"16,85 €/kg",,La Despensa,"Conservas, Sopas y Precocinados",Conservas de Pescado y Marisco,https://static.carrefour.es/hd_510x_/img_pim_food/488902_00_1.jpg
https://www.carrefour.es/supermercado/tomate-ensalada-1-kg-aprox/R-530067024/p,Tomate ensalada 1 kg aprox,"1,95 €",,"1,95 €/kg",,Productos Frescos,Verduras y hortalizas,Tomates y Pepinos,https://static.carrefour.es/hd_510x_/img_pim_food/050265_00_1.jpg
https://www.carrefour.es/supermercado/helado-doble-chocolate-ganache-macaron-haagen-dazs-364-g/R-VC4AECOMM-160343/p,Helado doble chocolate ganache Macaron Häagen-Dazs 364 g.,"8,05 €",,"22,12 €/kg",,Congelados,Helados,Tarrinas,https://static.carrefour.es/hd_510x_/img_pim_food/160343_00_1.jpg
https://www.carrefour.es/supermercado/tonica-pink-zero-schweppes-lata-33-cl/R-VC4AECOMM-676676/p,Tonica pink zero Schweppes lata 33 cl.,"0,95 €",,"2,88 €/l",,Bebidas,Refrescos,Tónica,https://static.carrefour.es/hd_510x_/img_pim_food/676676_00_1.jpg
https://www.carrefour.es/supermercado/piccolinis-3-quesos-buitoni-270-g/R-521031423/p,Piccolinis 3 quesos Buitoni 270 g.,"4,19 €",,"15,52 €/kg",,Congelados,Pizzas Congeladas,,https://static.carrefour.es/hd_510x_/img_pim_food/606449_00_1.jpg
https://www.carrefour.es/supermercado/regaliz-de-goma-sabor-fresa-y-pica-pica-carrefour-200-g/R-VC4AECOMM-133807/p,Regaliz de goma sabor fresa y pica pica Carrefour 200 g.,"1,40 €",,"7,00 €/kg",,La Despensa,Dulce,Dulces y Golosinas,https://static.carrefour.es/hd_510x_/img_pim_food/133807_00_1.jpg
https://www.carrefour.es/supermercado/cepillo-dental-suave-vitis-1-ud/R-590508766/p,Cepillo dental suave Vitis 1 ud.,"5,15 €",,"5,15 €/ud",,Parafarmacia,Higiene Bucal,Cepillos y Seda,https://static.carrefour.es/hd_510x_/img_pim_food/554509_00_1.jpg
https://www.carrefour.es/supermercado/barritas-de-almendra-y-chocolate-negro-70-el-almendro-sin-gluten-100-g/R-VC4AECOMM-343142/p,Barritas de almendra y chocolate negro 70% El Almendro sin gluten 100 g.,"2,99 €",,"29,90 €/kg",,La Despensa,Desayuno,Barritas,https://static.carrefour.es/hd_510x_/img_pim_food/343142_00_1.jpg
https://www.carrefour.es/supermercado/pollo-relleno-asado-carrefour-800-g/R-797329765/p,Pollo relleno asado Carrefour 800 g.,"10,35 €",,"12,94 €/kg",,La Despensa,"Conservas, Sopas y Precocinados",Platos Preparados,https://static.carrefour.es/hd_510x_/img_pim_food/900111_00_1.jpg
https://www.carrefour.es/supermercado/snack-vegetal-de-lenteja-sensation-carrefour-100-g/R-VC4AECOMM-373567/p,Snack vegetal de lenteja Sensation Carrefour 100 g.,"1,58 €",,"15,80 €/kg",,La Despensa,Aperitivos,Snacks,https://static.carrefour.es/hd_510x_/img_pim_food/373567_00_1.jpg
https://www.carrefour.es/supermercado/helado-de-chocolate-sin-azucar-anadido-carrefour-500-ml/R-fprod1470262/p,Helado de chocolate sin azúcar añadido Carrefour 500 ml.,"3,49 €","2,65 €","13,96 €/kg","10,60 €/kg",Congelados,Helados,Tarrinas,https://static.carrefour.es/hd_510x_/img_pim_food/408056_00_1.jpg
https://www.carrefour.es/supermercado/pure-de-tomate-napolina-142-g/R-653902065/p,Puré de tomate Napolina 142 g.,"1,49 €",,"10,49 €/kg",,La Despensa,"Conservas, Sopas y Precocinados",Conservas de Tomate,https://static.carrefour.es/hd_510x_/img_pim_food/534988_00_1.jpg
https://www.carrefour.es/supermercado/locion-corporal-cuidado-restaurador-con-aceite-de-coco-y-leche-de-almendras-para-piel-seca-dove-400-ml/R-prod68355/p,Loción corporal cuidado restaurador con aceite de coco y leche de almendras para piel seca Dove 400 ml.,"5,35 €",,"1,34 €/100ml",,Perfumería e Higiene,Cuidado y Protección Corporal,"Body Milk, Hidratación Bajo la Ducha",https://static.carrefour.es/hd_510x_/img_pim_food/190967_00_1.jpg
https://www.carrefour.es/supermercado/arroz-largo-la-cigala-1-kg/R-521005530/p,Arroz largo La Cigala 1 kg.,"2,09 €",,"2,09 €/kg",,La Despensa,Alimentación,Arroz y Cous Cous,https://static.carrefour.es/hd_510x_/img_pim_food/002278_00_1.jpg
https://www.carrefour.es/supermercado/queso-rallado-cuatro-quesos-carrefour-200-g/R-521030772/p,Queso rallado cuatro quesos Carrefour 200 g.,"1,81 €",,"9,05 €/kg",,Productos Frescos,Quesos,Todos los Quesos,https://static.carrefour.es/hd_510x_/img_pim_food/712501_00_1.jpg
https://www.carrefour.es/supermercado/agua-de-colonia-rose-aire-de-sevilla-150-ml/R-787879761/p,Agua de colonia Rosé Aire de Sevilla 150 ml.,"12,59 €",,"8,39 €/100ml",,Perfumería e Higiene,Baño e Higiene Corporal,Colonias,https://static.carrefour.es/hd_510x_/img_pim_food/881976_00_1.jpg
https://www.carrefour.es/supermercado/fregona-microfibra-secado-rapido-kh7-naranja/R-fprod1220430/p,Fregona Microfibra Secado Rápido KH7 - Naranja,"4,19 €",,"4,19 €/ud",,Limpieza y Hogar,Utensilios de Limpieza,Fregonas,https://static.carrefour.es/hd_510x_/img_pim_food/278249_00_1.jpg
https://www.carrefour.es/supermercado/limpiador-desinfectante-multiusos-manzana-sin-lejia-sanytol-750-ml/R-VC4AECOMM-059550/p,Limpiador desinfectante multiusos manzana sin lejía Sanytol 750 ml.,"3,69 €",,"4,92 €/l",,Limpieza y Hogar,Productos para toda la casa,Limpiacristales y Multiusos,https://static.carrefour.es/hd_510x_/img_pim_food/059550_00_1.jpg
https://www.carrefour.es/supermercado/kas-narajanja-pack-de-2-botellas-de-2-l/R-VC4AECOMM-398658/p,Kas narajanja pack de 2 botellas de 2 l.,"3,99 €",,"1,00 €/l",,Bebidas,Refrescos,Sabores con Gas,https://static.carrefour.es/hd_510x_/img_pim_food/398658_00_1.jpg
https://www.carrefour.es/supermercado/desodorante-en-spray-con-perfume-floral-200-ml/R-805525735/p,Desodorante en spray con perfume floral 200 ml.,"1,90 €",,"0,95 €/100ml",,Perfumería e Higiene,Baño e Higiene Corporal,Desodorantes,https://static.carrefour.es/hd_510x_/img_pim_food/924185_00_1.jpg
https://www.carrefour.es/supermercado/cereales-anillos-de-avena-integral-cheerios-nestle-300-g/R-VC4AECOMM-630638/p,Cereales anillos de avena integral Cheerios Nestlé 300 g.,"3,65 €",,"12,17 €/kg",,La Despensa,Desayuno,Cereales,https://static.carrefour.es/hd_510x_/img_pim_food/630638_00_1.jpg
https://www.carrefour.es/supermercado/2-fregonas-extra-spontex-blanco/R-835752375/p,2 Fregonas Extra SPONTEX - Blanco,"6,59 €",,"3,29 €/ud",,Limpieza y Hogar,Utensilios de Limpieza,Fregonas,https://static.carrefour.es/hd_510x_/img_pim_food/972504_00_1.jpg
https://www.carrefour.es/supermercado/panales-dodot-activity-t3-7-11-kg-60-ud/R-829518869/p,Pañales Dodot Activity T3 (7-11 kg.) 60 ud.,"32,00 €",,"0,53 €/ud",,Bebé,Pañales y Toallitas,Pañales Dodot,https://static.carrefour.es/hd_510x_/img_pim_food/965014_00_1.jpg
https://www.carrefour.es/supermercado/arena-para-gato-sanicat-zen6-l/R-720861710/p,Arena para Gato Sanicat Zen6 L,"8,99 €",,"1,50 €/l",,Mascotas,Gatos,Arena,https://static.carrefour.es/hd_510x_/img_pim_food/404529_00_1.jpg
https://www.carrefour.es/supermercado/galletas-maria-marbu-dorada-artiach-sin-azucar-anadido-300-g/R-VC4AECOMM-305415/p,Galletas maría Marbú Dorada Artiach sin azúcar añadido 300 g.,"3,19 €",,"10,63 €/kg",,La Despensa,Desayuno,Galletas,https://static.carrefour.es/hd_510x_/img_pim_food/305415_00_1.jpg
https://www.carrefour.es/supermercado/cortezas-de-trigo-boca-bits-matutano-84-g/R-521003802/p,Cortezas de trigo Boca Bits Matutano 84 g.,"1,64 €",,"19,52 €/kg",,La Despensa,Aperitivos,Snacks,https://static.carrefour.es/hd_510x_/img_pim_food/001829_00_1.jpg
https://www.carrefour.es/supermercado/tarrito-de-lentejas-con-verduras-desde-8-meses-recetas-caseras-hero-baby-sin-gluten-pack-de-2-unidades-de-190-g/R-551303129/p,Tarrito de lentejas con verduras desde 8 meses recetas caseras Hero Baby sin gluten pack de 2 unidades de 190 g.,"2,99 €",,"7,87 €/kg",,Bebé,Alimentación infantil,Tarritos y Platos Preparados,https://static.carrefour.es/hd_510x_/img_pim_food/240715_00_1.jpg
https://www.carrefour.es/supermercado/cepillo-de-dientes-medio-simpl-choice-4-ud/R-VC4AECOMM-756809/p,Cepillo de dientes medio Simpl Choice 4 ud.,"1,13 €",,"0,28 €/ud",,Perfumería e Higiene,Boca y Sonrisa,"Cepillos, Recambios y Accesorios",https://static.carrefour.es/hd_510x_/img_pim_food/756809_00_1.jpg
https://www.carrefour.es/supermercado/dentifrico-anticaries-y-dientes-blancos-triple-action-extra-white-colgate-75-ml/R-prod820041/p,Dentífrico anticaries y dientes blancos Triple Action Extra White Colgate 75 ml.,"2,85 €",,"3,80 €/100ml",,Perfumería e Higiene,Boca y Sonrisa,Dentífricos,https://static.carrefour.es/hd_510x_/img_pim_food/250291_00_1.jpg
https://www.carrefour.es/supermercado/filetes-de-merluza-al-huevo-pescanova-sin-gluten-400-g/R-521031295/p,Filetes de merluza al huevo Pescanova sin gluten 400 g.,"7,19 €",,"17,97 €/kg",,Congelados,Rebozados y Platos Preparados,,https://static.carrefour.es/hd_510x_/img_pim_food/493717_00_1.jpg
https://www.carrefour.es/supermercado/pan-de-hamburguesa-brioxe-proceli-sin-gluten-y-sin-lactosa-pack-2-undiades-de-90-g/R-VC4AECOMM-343242/p,Pan de hamburguesa Brioxe Proceli sin gluten y sin lactosa pack 2 undiades de 90 g.,"3,49 €",,"19,39 €/kg",,La Despensa,"Panaderia, Bollería y Pastelería",Pan Perrito y Burguer,https://static.carrefour.es/hd_510x_/img_pim_food/343242_00_1.jpg
https://www.carrefour.es/supermercado/langostino-crudo-congelado-ecologico-500-g/R-prod890157/p,Langostino crudo congelado ecológico 500 g,"11,95 €",,"23,90 €/kg",,Congelados,Mariscos Congelados,,https://static.carrefour.es/hd_510x_/img_pim_food/036161_00_1.jpg
https://www.carrefour.es/supermercado/cerveza-el-alcazar-lata-33-cl/R-590215009/p,Cerveza El Alcázar lata 33 cl.,"0,99 €",,"3,00 €/l",,Bebidas,Cerveza,Rubia,https://static.carrefour.es/hd_510x_/img_pim_food/671775_00_1.jpg
https://www.carrefour.es/supermercado/gel-de-ducha-dermo-pro-hydrate-hidratante-piel-muy-seca-biomeprotect-sanex-850-ml/R-VC4AECOMM-624112/p,Gel de ducha dermo pro hydrate hidratante piel muy seca BiomeProtect Sanex 850 ml.,"3,89 €",,"0,46 €/100ml",,Perfumería e Higiene,Baño e Higiene Corporal,Geles de Baño,https://static.carrefour.es/hd_510x_/img_pim_food/624112_00_1.jpg
https://www.carrefour.es/supermercado/copos-suaves-de-avena-integral-ecologicos-ecocesta-sin-azucares-anadidos-800-g/R-842010743/p,Copos suaves de avena integral ecológicos EcoCesta sin azúcares añadidos 800 g.,"3,29 €",,"4,11 €/kg",,La Despensa,Desayuno,Cereales,https://static.carrefour.es/hd_510x_/img_pim_food/980825_00_1.jpg
https://www.carrefour.es/supermercado/fregona-sintetica-ballerina-la-original-amarilla/R-790069052/p,Fregona Sintética BALLERINA La Original - Amarilla,"4,79 €",,"4,79 €/ud",,Limpieza y Hogar,Utensilios de Limpieza,Fregonas,https://static.carrefour.es/hd_510x_/img_pim_food/761969_00_1.jpg
https://www.carrefour.es/supermercado/licor-campari-70-cl/R-VC4AECOMM-000281/p,Licor Campari 70 cl.,"15,19 €",,"21,70 €/l",,Bebidas,Alcoholes,Cóckteles y combinados,https://static.carrefour.es/hd_510x_/img_pim_food/000281_00_1.jpg
https://www.carrefour.es/supermercado/chocolate-a-la-taza-instantaneo-carrefour-sin-gluten-500-g/R-521003231/p,Chocolate a la taza instantáneo Carrefour sin gluten 500 g.,"2,89 €",,"5,78 €/kg",,La Despensa,Desayuno,Cacaos y Cereales Solubles,https://static.carrefour.es/hd_510x_/img_pim_food/344421_00_1.jpg
https://www.carrefour.es/supermercado/tinte-classic-6n-rubio-oscuro-farmatint-1-ud/R-590507698/p,Tinte Classic 6N Rubio Oscuro Farmatint 1 ud.,"9,29 €",,"9,29 €/ud",,Parafarmacia,Cabello,Tintes,https://static.carrefour.es/hd_510x_/img_pim_food/541533_00_1.jpg
https://www.carrefour.es/supermercado/cebolla-dulce-pelada-carrefour-500-g/R-521031809/p,Cebolla dulce pelada Carrefour 500 g,"2,85 €",,"5,70 €/kg",,Productos Frescos,Verduras y hortalizas,"Patatas, Cebollas y Ajos",https://static.carrefour.es/hd_510x_/img_pim_food/795921_00_1.jpg
https://www.carrefour.es/supermercado/lenteja-categoria-extra-luengo-1-kg/R-526538841/p,Lenteja categoría extra Luengo 1 kg.,"3,72 €",,"3,72 €/kg",,La Despensa,Alimentación,Legumbres,https://static.carrefour.es/hd_510x_/img_pim_food/097237_00_1.jpg
https://www.carrefour.es/supermercado/pienso-de-pollo-para-perros-adultos-yorkshire-terrier-ultima-15-kg/R-720861341/p,"Pienso de pollo para perros adultos yorkshire terrier Ultima 1,5 Kg","9,09 €",,"6,06 €/kg",,Mascotas,Perros,Pienso para perros,https://static.carrefour.es/hd_510x_/img_pim_food/357374_00_1.jpg
https://www.carrefour.es/supermercado/tinte-de-cabello-permanente-tono-3-castano-oscuro-llongueras-color-advance-1-ud/R-521009545/p,Tinte de cabello permanente tono 3 castaño oscuro Llongueras Color Advance 1 ud.,"7,59 €",,"7,59 €/ud",,Perfumería e Higiene,Cabello,Tinte,https://static.carrefour.es/hd_510x_/img_pim_food/028627_00_1.jpg
https://www.carrefour.es/supermercado/toallitas-higienicas-para-adultos-absodys-carrefour-soft-64-ud/R-VC4AECOMM-280205/p,Toallitas higiénicas para adultos Absodys Carrefour Soft 64 ud.,"4,19 €",,"0,07 €/ud",,Perfumería e Higiene,Higiene íntima,Incontinencia,https://static.carrefour.es/hd_510x_/img_pim_food/280205_00_1.jpg
https://www.carrefour.es/supermercado/cafe-molido-descafeinado-cultivo-sostenible-bonka-nestle-400-g/R-prod310208/p,Café Molido Descafeinado Cultivo Sostenible Bonka Nestlé 400 g.,"5,95 €",,"14,87 €/kg",,,,,https://static.carrefour.es/hd_510x_/img_pim_food/372008_00_1.jpg
https://www.carrefour.es/supermercado/bebida-de-arroz-con-coco-sin-azucar-anadido-sesatioin-carrefour-sin-gluten-brik-1-l/R-VC4AECOMM-152271/p,Bebida de arroz con coco sin azúcar añadido Sesatioin Carrefour sin gluten Brik 1 l.,"1,50 €",,"1,50 €/l",,La Despensa,Lácteos,Bebida Vegetal,https://static.carrefour.es/hd_510x_/img_pim_food/152271_00_1.jpg
https://www.carrefour.es/supermercado/margarina-original-proactiv-sin-gluten-sin-lactosa-sin-aceite-de-palma-225-g/R-VC4AECOMM-057226/p,Margarina original ProActiv sin gluten sin lactosa sin aceite de palma 225 g.,"2,95 €",,"13,11 €/kg",,La Despensa,Lácteos,Mantequillas y Margarinas,https://static.carrefour.es/hd_510x_/img_pim_food/057226_00_1.jpg
https://www.carrefour.es/supermercado/dentifrico-anticaries-y-frescor-a-menta-triple-action-colgate-75-ml/R-782678308/p,Dentífrico anticaries y frescor a menta Triple Action Colgate 75 ml.,"1,46 €",,"1,95 €/100ml",,Ofertas,,,https://static.carrefour.es/hd_510x_/img_pim_food/020332_00_1.jpg
https://www.carrefour.es/supermercado/galletas-sandwich-rellena-de-crema-de-chocolate-mini-crok-220-g/R-VC4AECOMM-287615/p,Galletas sandwich rellena de crema de chocolate Mini Crok 220 g.,"0,90 €",,"4,09 €/kg",,La Despensa,Desayuno,Galletas,https://static.carrefour.es/hd_510x_/img_pim_food/287615_00_1.jpg
https://www.carrefour.es/supermercado/salsa-vegana-hellmanns-sin-gluten-y-sin-lactosa-270-g/R-prod900014/p,Salsa vegana Hellmann’s sin gluten y sin lactosa 270 g.,"4,75 €",,"16,96 €/l",,La Despensa,Alimentación,Salsas y Tomate Frito,https://static.carrefour.es/hd_510x_/img_pim_food/036325_00_1.jpg
https://www.carrefour.es/supermercado/bebida-de-almendras-sin-azucar-alpro-sin-gluten-y-sin-lactosa-brik-1-l/R-VC4AECOMM-732758/p,Bebida de almendras sin azúcar Alpro sin gluten y sin lactosa brik 1 l.,"2,15 €",,"2,15 €/l",,La Despensa,Lácteos,Bebida Vegetal,https://static.carrefour.es/hd_510x_/img_pim_food/732758_00_1.jpg
https://www.carrefour.es/supermercado/mini-tostas-rectangulares-ortiz-100-g/R-521002580/p,Mini tostas rectangulares Ortiz 100 g.,"2,15 €",,"21,50 €/kg",,La Despensa,"Panaderia, Bollería y Pastelería","Pan tostado, Biscottes y Barritas",https://static.carrefour.es/hd_510x_/img_pim_food/046035_00_1.jpg
https://www.carrefour.es/supermercado/crema-de-avellanas-y-cacao-con-datiles-extra-carrefour-sin-gluten-200-g/R-VC4AECOMM-121524/p,Crema de avellanas y cacao con dátiles Extra Carrefour sin gluten 200 g.,"3,55 €",,"17,75 €/kg",,La Despensa,Dulce,"Cremas de Cacao, Avellana y Cacahuete",https://static.carrefour.es/hd_510x_/img_pim_food/121524_00_1.jpg
https://www.carrefour.es/supermercado/lasana-de-espinacas-y-ricotta-carrefour-extra-350-g/R-VC4AECOMM-727098/p,Lasaña de espinacas y ricotta Carrefour Extra 350 g.,"2,89 €",,"8,26 €/kg",,La Despensa,"Conservas, Sopas y Precocinados",Platos Preparados,https://static.carrefour.es/hd_510x_/img_pim_food/727098_00_1.jpg
https://www.carrefour.es/supermercado/te-rojo-con-anis-y-ciruela-en-bolsitas-hornimans-20-ud/R-521003189/p,Té rojo con anís y ciruela en bolsitas Hornimans 20 ud.,"2,89 €",,"82,57 €/kg",,La Despensa,Desayuno,Infusiones y Tés,https://static.carrefour.es/hd_510x_/img_pim_food/392497_00_1.jpg
https://www.carrefour.es/supermercado/protector-de-cama-80-x-180-cms-sabanindas-20-ud/R-590511598/p,Protector de cama 80 x 180 cms Sabanindas 20 ud.,"11,99 €",,"0,60 €/ud",,Bebé,Puericultura,"Baberos, Protegecamas y bolsas para pañales",https://static.carrefour.es/hd_510x_/img_pim_food/792431_00_1.jpg
https://www.carrefour.es/supermercado/cilantro-ecologico-carrefour-bio-maceta-1-ud/R-696105174/p,Cilantro ecológico Carrefour Bio maceta 1 ud,"1,94 €",,"1,94 €/ud",,Productos Frescos,Verduras y hortalizas,Hierbas Aromáticas y especias,https://static.carrefour.es/hd_510x_/img_pim_food/095181_00_1.jpg
https://www.carrefour.es/supermercado/barritas-de-chocolate-blanco-con-trocitos-de-frutos-rojos-bicentury-90-g/R-fprod1470197/p,Barritas de chocolate blanco con trocitos de frutos rojos Bicentury 90 g.,"3,65 €",,"40,56 €/kg",,La Despensa,Desayuno,Barritas,https://static.carrefour.es/hd_510x_/img_pim_food/406805_00_1.jpg
https://www.carrefour.es/supermercado/frijoles-negros-refritos-la-costena-580-g/R-764213798/p,Frijoles negros refritos La Costeña 580 g.,"3,15 €",,"5,43 €/kg",,La Despensa,"Conservas, Sopas y Precocinados",Platos Preparados,https://static.carrefour.es/hd_510x_/img_pim_food/772477_00_1.jpg
https://www.carrefour.es/supermercado/oregano-carmencita-8-g/R-521005073/p,Orégano Carmencita 8 g.,"2,15 €",,"268,75 €/kg",,La Despensa,Alimentación,Especias y Sazonadores,https://static.carrefour.es/hd_510x_/img_pim_food/002178_00_1.jpg
https://www.carrefour.es/supermercado/conos-con-helado-de-vainilla-carrefour-extra-6-ud/R-VC4AECOMM-485162/p,Conos con helado de vainilla Carrefour Extra 6 ud.,"2,19 €",,"0,36 €/ud",,Congelados,Helados,Conos,https://static.carrefour.es/hd_510x_/img_pim_food/485162_00_1.jpg
https://www.carrefour.es/supermercado/macarrones-con-queso-gratinado-carrefour-el-mercado-280-g/R-VC4AECOMM-417327/p,Macarrones con queso gratinado Carrefour el Mercado 280 g,"2,50 €",,"2.500,00 €/kg",,Productos Frescos,Platos Preparados Cocinados,Pastas y Pizzas,https://static.carrefour.es/hd_510x_/img_pim_food/417327_00_1.jpg
https://www.carrefour.es/supermercado/codorniuspritz-very-raspberry-lata-25-cl/R-VC4AECOMM-059696/p,Codorníu Spritz very raspberry lata 25 cl.,"2,79 €",,"2,79 €/ud",,,,,https://static.carrefour.es/hd_510x_/img_pim_food/059696_00_1.jpg
https://www.carrefour.es/supermercado/crema-hidratante-nivea-400-ml/R-520664251/p,Crema hidratante Nivea 400 ml.,"6,29 €",,"1,57 €/100ml",,Perfumería e Higiene,Cuidado y Protección Corporal,"Body Milk, Hidratación Bajo la Ducha",https://static.carrefour.es/hd_510x_/img_pim_food/752678_00_1.jpg
https://www.carrefour.es/supermercado/cafe-latte-cookies-nescafe-sin-gluten-205-ml/R-836506921/p,Café latte cookies Nescafé sin gluten 205 ml.,"1,50 €",,"7,32 €/l",,La Despensa,Desayuno,Cafés,https://static.carrefour.es/hd_510x_/img_pim_food/969956_00_1.jpg
https://www.carrefour.es/supermercado/papel-higienico-cuidaprotege-colhogar-12-rollos/R-VC4AECOMM-177902/p,Papel higiénico Cuida&Protege Colhogar 12 rollos,"7,69 €",,"0,64 €/ud",,Limpieza y Hogar,Papel y Celulosa,Papel Higiénico,https://static.carrefour.es/hd_510x_/img_pim_food/177902_00_1.jpg
https://www.carrefour.es/supermercado/jamon-cocido-extra-en-finas-lonchas-casa-tarradellas-sin-gluten-y-sin-lactosa-150-g/R-VC4AECOMM-698148/p,Jamón Cocido Extra en finas lonchas Casa Tarradellas sin gluten y sin lactosa 150 g,"2,35 €",,"15,67 €/kg",,Productos Frescos,Charcutería,Jamón Cocido y Lacón,https://static.carrefour.es/hd_510x_/img_pim_food/698148_00_1.jpg
https://www.carrefour.es/supermercado/emulsion-bano-avena-piel-sensible-multidermol-750-ml/R-590508622/p,Emulsión baño avena piel sensible Multidermol 750 ml.,"11,09 €",,"1,48 €/100ml",,Parafarmacia,Cuidado corporal,Jabones y Geles,https://static.carrefour.es/hd_510x_/img_pim_food/553734_00_1.jpg
https://www.carrefour.es/supermercado/avellana-tostada-sin-sal-carrefour-el-mercado-tarrina-de-225-g/R-prod1070735/p,Avellana tostada sin sal Carrefour El Mercado tarrina de 225 g,"3,87 €",,"17,20 €/kg",,La Despensa,Aperitivos,Frutos Secos,https://static.carrefour.es/hd_510x_/img_pim_food/142330_00_1.jpg
https://www.carrefour.es/supermercado/bombon-helado-frac-magnum-sin-gluten-3-ud/R-760106382/p,Bombón helado Frac Magnum sin gluten 3 ud.,"4,99 €",,"1,66 €/ud",,Congelados,Helados,Bombón Helado,https://static.carrefour.es/hd_510x_/img_pim_food/768634_00_1.jpg
https://www.carrefour.es/supermercado/galletas-rellenas-de-crema-con-chocolate-blanco-carrefour-classic-252-g/R-839100325/p,Galletas rellenas de crema con chocolate blanco Carrefour Classic 252 g.,"1,70 €",,"6,75 €/kg",,La Despensa,Desayuno,Galletas,https://static.carrefour.es/hd_510x_/img_pim_food/973967_00_1.jpg
https://www.carrefour.es/supermercado/bocados-originales-de-heura-sin-gluten-160-g/R-VC4AECOMM-436407/p,Bocados originales de Heüra sin gluten 160 g.,"4,29 €",,"26,81 €/kg",,La Despensa,"Conservas, Sopas y Precocinados",Platos Preparados,https://static.carrefour.es/hd_510x_/img_pim_food/436407_00_1.jpg
https://www.carrefour.es/supermercado/mermelada-de-melocoton-cero-azucar-refinado-la-vieja-fabrica-sin-gluten-280-g/R-prod1170048/p,Mermelada de melocotón cero azúcar refinado La Vieja Fábrica sin gluten 280 g.,"3,25 €",,"11,61 €/kg",,La Despensa,Dulce,"Mermeladas, Membrillos y Compotas",https://static.carrefour.es/hd_510x_/img_pim_food/213684_00_1.jpg
https://www.carrefour.es/supermercado/paleta-de-cebo-iberica-50-raza-iberica-ibersierra-pieza-de-4-kg-aprox/R-590204985/p,Paleta de Cebo Ibérica 50% Raza Ibérica IberSierra pieza de 4 kg aprox,"65,00 €",,"65,00 €/ud",,Productos Frescos,Charcutería,Jamón serrano e ibérico Pieza,https://static.carrefour.es/hd_510x_/img_pim_food/177199_00_1.jpg
https://www.carrefour.es/supermercado/serum-antimanchas-eucerin-30-ml/R-fprod1220255/p,Serum antimanchas Eucerín 30 ml.,"41,20 €",,"137,33 €/100ml",,Parafarmacia,Cuidado e higiene facial,Cremas faciales,https://static.carrefour.es/hd_510x_/img_pim_food/274747_00_1.jpg
https://www.carrefour.es/supermercado/enjuague-bucal-sabor-menta-suave-sin-alcohol-cuidado-total-listerine-500-ml/R-834003852/p,Enjuague bucal sabor menta suave sin alcohol Cuidado Total Listerine 500 ml.,"5,09 €",,"1,02 €/100ml",,Perfumería e Higiene,Boca y Sonrisa,Enjuagues Bucales,https://static.carrefour.es/hd_510x_/img_pim_food/969500_00_1.jpg
https://www.carrefour.es/supermercado/bizcocho-rondo-de-cacao-carrefour-el-mercado-700-g/R-prod281231/p,Bizcocho rondo de cacao Carrefour El Mercado 700 g,"4,19 €",,"5,99 €/kg",,Productos Frescos,Panadería Tradicional,Bollería Tradicional,https://static.carrefour.es/hd_510x_/img_pim_food/342495_00_1.jpg
https://www.carrefour.es/supermercado/leche-infantil-para-lactantes-en-polvo-blemil-confort-protech-1-lata-800-g/R-764119313/p,Leche infantil para lactantes en polvo Blemil Confort Protech 1 lata 800 g.,"29,90 €",,"37,37 €/kg",,Bebé,Alimentación infantil,Leches Infantiles,https://static.carrefour.es/hd_510x_/img_pim_food/771766_00_1.jpg
https://www.carrefour.es/supermercado/batido-de-chocolate-pascual-pack-de-6-briks-de-200-ml/R-VC4AECOMM-638004/p,Batido de chocolate Pascual pack de 6 briks de 200 ml.,"2,65 €",,"2,21 €/l",,La Despensa,Lácteos,Batidos y Horchatas,https://static.carrefour.es/hd_510x_/img_pim_food/638004_00_1.jpg
https://www.carrefour.es/supermercado/ambientador-electrico-fragancia-a-lirio-de-luna-y-saten-de-seda-recambio-air-wick-3-ud/R-VC4AECOMM-416503/p,Ambientador eléctrico fragancia a lirio de luna y satén de seda recambio Air Wick 3 ud.,"11,35 €",,"3,78 €/ud",,Limpieza y Hogar,Ambientadores,Eléctricos,https://static.carrefour.es/hd_510x_/img_pim_food/416503_00_1.jpg
https://www.carrefour.es/supermercado/pulpo-de-las-rias-gallegas-en-aceite-de-oliva-de-nuestra-tierra-67-g/R-819115132/p,Pulpo de las Rías Gallegas en aceite de oliva De Nuestra Tierra 67 g.,"6,45 €",,"96,27 €/kg",,La Despensa,"Conservas, Sopas y Precocinados",Conservas de Pescado y Marisco,https://static.carrefour.es/hd_510x_/img_pim_food/952483_00_1.jpg
https://www.carrefour.es/supermercado/caramelo-sabor-arandano-rojo-sin-azucar-ricola-50-g/R-590511870/p,Caramelo sabor arándano rojo sin azúcar Ricola 50 g.,"2,89 €",,"5,78 €/100g",,La Despensa,Dulce,Dulces y Golosinas,https://static.carrefour.es/hd_510x_/img_pim_food/794252_00_1.jpg
https://www.carrefour.es/supermercado/detergente-japon-flor-de-cerezo-essential-carrefour-30-lavados/R-VC4AECOMM-428331/p,Detergente Japón flor de cerezo Essential Carrefour 30 lavados.,"6,55 €",,"0,22 €/lavado",,Limpieza y Hogar,Cuidado de la Ropa,Detergentes,https://static.carrefour.es/hd_510x_/img_pim_food/428331_00_1.jpg
https://www.carrefour.es/supermercado/menta-en-bolsitas-carrefour-50-ud/R-prod690066/p,Menta en bolsitas Carrefour 50 ud.,"2,05 €",,"27,33 €/kg",,La Despensa,Desayuno,Infusiones y Tés,https://static.carrefour.es/hd_510x_/img_pim_food/847124_00_1.jpg
https://www.carrefour.es/supermercado/coloracion-permanente-sin-amoniaco-formula-vegana-tono-60-castano-mocaccino-good-garnier-1-ud/R-VC4AECOMM-156758/p,Coloración permanente sin amoniaco fórmula vegana tono 6.0 castaño mocaccino Good Garnier 1 ud.,"9,95 €",,"9,95 €/ud",,Perfumería e Higiene,Cabello,Tinte,https://static.carrefour.es/hd_510x_/img_pim_food/156758_00_1.jpg
https://www.carrefour.es/supermercado/filetes-de-pechuga-de-pavo-marinado-carrefour-el-mercado-500-g-aprox/R-VC4AECOMM-190920/p,Filetes de Pechuga de Pavo Marinado Carrefour El Mercado 500 g aprox,"4,94 €",,"9,89 €/kg",,Productos Frescos,Carnicería,Aves y Pollo,https://static.carrefour.es/hd_510x_/img_pim_food/190920_00_1.jpg
https://www.carrefour.es/supermercado/mostaza-hellmanns-sin-gluten-envase-250-ml/R-649302155/p,Mostaza Hellmann's sin gluten envase 250 ml.,"2,29 €",,"9,16 €/l",,La Despensa,Alimentación,Salsas y Tomate Frito,https://static.carrefour.es/hd_510x_/img_pim_food/819281_00_1.jpg
https://www.carrefour.es/supermercado/mimos-de-merluza-congelados-pescanova-360-g/R-VC4AECOMM-231424/p,Mimos de merluza congelados Pescanova 360 g.,"7,45 €",,"20,69 €/kg",,Congelados,Pescados Congelados,,https://static.carrefour.es/hd_510x_/img_pim_food/231424_00_1.jpg
https://www.carrefour.es/supermercado/chuleta-de-sajonia-600-g-aprox/R-VC4AECOMM-503736/p,Chuleta de Sajonia 600 g aprox,"5,73 €",,"9,55 €/kg",,Productos Frescos,Carnicería,Otras carnes,https://static.carrefour.es/hd_510x_/img_pim_food/503736_00_1.jpg
https://www.carrefour.es/supermercado/ambientador-spray-automatico-sin-aerosol-aroma-brisa-marina-active-fresh-recambio-air-wick-1-ud/R-VC4AECOMM-131570/p,Ambientador spray automático sin aerosol aroma brisa marina Active Fresh recambio Air Wick 1 ud.,"6,75 €",,"6,75 €/ud",,Limpieza y Hogar,Ambientadores,Automáticos,https://static.carrefour.es/hd_510x_/img_pim_food/131570_00_1.jpg
https://www.carrefour.es/supermercado/desodorante-en-spray-black-vanilla-axe-150-ml/R-VC4AECOMM-323229/p,Desodorante en spray Black Vanilla Axe 150 ml.,"6,09 €",,"4,06 €/100ml",,Perfumería e Higiene,Baño e Higiene Corporal,Desodorantes,https://static.carrefour.es/hd_510x_/img_pim_food/323229_00_1.jpg
https://www.carrefour.es/supermercado/sal-del-himalaya-conca-1-kg/R-VC4AECOMM-361571/p,Sal del Himalaya Conca 1 kg,"3,39 €",,"3,39 €/kg",,La Despensa,Alimentación,Sales y Bicarbonatos,https://static.carrefour.es/hd_510x_/img_pim_food/361571_00_1.jpg
https://www.carrefour.es/supermercado/mayonesa-hellmanns-sin-gluten-y-sin-lactosa-tarro-825-ml/R-752501121/p,Mayonesa Hellmann's sin gluten y sin lactosa tarro 825 ml.,"5,69 €",,"6,90 €/l",,La Despensa,Alimentación,Salsas y Tomate Frito,https://static.carrefour.es/hd_510x_/img_pim_food/758624_00_1.jpg
https://www.carrefour.es/supermercado/colutorio-de-uso-diario-que-previene-el-sangrado-gingival-causado-por-encias-delicadas-y-gingivitis-gingilacer-500-ml/R-590508010/p,Colutorio de uso diario que previene el sangrado gingival causado por encías delicadas y gingivitis Gingilacer 500 ml.,"9,45 €",,"1,89 €/100ml",,Parafarmacia,Higiene Bucal,Colutorio,https://static.carrefour.es/hd_510x_/img_pim_food/548573_00_1.jpg
https://www.carrefour.es/supermercado/pack-12-rotuladores-escritura-04-mm/R-prod372172/p,"Pack 12 Rotuladores Escritura 0,4 mm","4,99 €",,"0,42 €/ud",,Limpieza y Hogar,Papelería,Colorear,https://static.carrefour.es/hd_510x_/img_pim_food/951341_00_1.jpg
https://www.carrefour.es/supermercado/cerveza-mahou-5-estrellas-especial-sin-gluten-botella-33-cl/R-829844976/p,Cerveza Mahou 5 Estrellas especial sin gluten botella 33 cl.,"1,19 €",,"3,61 €/l",,Bebidas,Cerveza,Todas las Cervezas,https://static.carrefour.es/hd_510x_/img_pim_food/965205_00_1.jpg
https://www.carrefour.es/supermercado/melatonina-en-capsulas-phytofarma-sin-gluten-225-ud/R-prod490004/p,Melatonina en cápsulas Phytofarma sin gluten 225 ud.,"23,20 €",,"19,02 €/100g",,Parafarmacia,Nutrición y Dietética,Tratamientos Naturales,https://static.carrefour.es/hd_510x_/img_pim_food/829698_00_1.jpg
https://www.carrefour.es/supermercado/cacahuete-repelado-frito-carrefour-tarrina-250-g/R-prod1070758/p,Cacahuete repelado frito Carrefour tarrina 250 g,"1,89 €",,"7,56 €/kg",,La Despensa,Aperitivos,Frutos Secos,https://static.carrefour.es/hd_510x_/img_pim_food/142426_00_1.jpg
https://www.carrefour.es/supermercado/vino-semidulce-joven-viura-cune-doca-rioja-75-cl/R-VC4AECOMM-059102/p,Cune Afrutado Semidulce,"5,99 €",,"5,99 €/ud",,Bebidas,Vinos,Generosos y Dulces,https://static.carrefour.es/hd_510x_/img_pim_food/059102_00_1.jpg
https://www.carrefour.es/supermercado/pan-tostado-integral-con-sesamo-y-lino-recondo-540-g/R-VC4AECOMM-233307/p,Pan tostado integral con sésamo y lino Recondo 540 g.,"4,59 €",,"8,50 €/kg",,La Despensa,"Panaderia, Bollería y Pastelería","Pan tostado, Biscottes y Barritas",https://static.carrefour.es/hd_510x_/img_pim_food/233307_00_1.jpg
https://www.carrefour.es/supermercado/ambientador-para-coche-olor-frutos-rojos-carrefour-1-ud/R-819114612/p,Ambientador para coche olor frutos rojos Carrefour 1 ud.,"1,79 €",,"1,79 €/ud",,Limpieza y Hogar,Ambientadores,Coche,https://static.carrefour.es/hd_510x_/img_pim_food/945280_00_1.jpg
https://www.carrefour.es/supermercado/tinte-retoca-raices-spray-instantaneo-rubio-claro-magic-retouch-loreal-paris-75-ml/R-VC4AECOMM-314565/p,Tinte retoca raíces spray instantáneo rubio claro Magic Retouch L'Oreal Paris 75 ml.,"6,40 €",,"6,40 €/ud",,Perfumería e Higiene,Cabello,Tinte,https://static.carrefour.es/hd_510x_/img_pim_food/314565_00_1.jpg
https://www.carrefour.es/supermercado/cava-codorniu-cuvee-original-brut-ecologico-75-cl/R-VC4AECOMM-561854/p,Codorniu Cuvée Original Brut,"7,45 €",,"7,45 €/ud",,Bebidas,Cava y champagne,Cavas,https://static.carrefour.es/hd_510x_/img_pim_food/561854_00_1.jpg
https://www.carrefour.es/supermercado/ltapiceria-vanish-hurra-600ml/R-526414119/p,L.TAPICERIA VANISH HURRA 600ML,"9,29 €",,"15,48 €/l",,Limpieza y Hogar,Cuidado de la Ropa,Aditivos y quitamanchas,https://static.carrefour.es/hd_510x_/img_pim_food/282787_00_1.jpg
https://www.carrefour.es/supermercado/quitamanchas-en-polvo-para-ropa-oxigen-power-carrefour-1-kg/R-521011748/p,Quitamanchas en polvo para ropa Oxigen Power Carrefour 1 kg.,"2,99 €",,"2,99 €/kg",,Limpieza y Hogar,Cuidado de la Ropa,Aditivos y quitamanchas,https://static.carrefour.es/hd_510x_/img_pim_food/276279_00_1.jpg
https://www.carrefour.es/supermercado/crema-de-dia-antiedad-elasticity-filler-eucerin-50-ml/R-prod65107/p,Crema de día antiedad Elasticity + Filler Eucerin 50 ml.,"38,60 €",,"77,20 €/100ml",,Parafarmacia,Cuidado e higiene facial,Cremas faciales,https://static.carrefour.es/hd_510x_/img_pim_food/086203_00_1.jpg
https://www.carrefour.es/supermercado/cafe-en-grano-natural-de-colombia-lor-espresso-500-g/R-VC4AECOMM-511406/p,Café en grano natural de Colombia L'Or Espresso 500 g.,"14,39 €",,"28,78 €/kg",,La Despensa,Desayuno,Cafés,https://static.carrefour.es/hd_510x_/img_pim_food/511406_00_1.jpg
https://www.carrefour.es/supermercado/toallitas-suelos-perfume-jabon-de-marsella-carrefour-15-ud/R-692704448/p,Toallitas suelos perfume jabón de Marsella Carrefour 15 ud.,"1,20 €",,"0,08 €/ud",,Limpieza y Hogar,Productos para toda la casa,Suelos,https://static.carrefour.es/hd_510x_/img_pim_food/087802_00_1.jpg
https://www.carrefour.es/supermercado/cerveza-la-rubia-18-70-lager-especial-lata-33-cl/R-VC4AECOMM-360347/p,Cerveza La Rubia 18/70 lager especial lata 33 cl.,"1,13 €",,"3,42 €/l",,Bebidas,Cerveza,Todas las Cervezas,https://static.carrefour.es/hd_510x_/img_pim_food/360347_00_1.jpg
https://www.carrefour.es/supermercado/pechuga-de-pavo-reducida-en-sal-en-lonchas-extrafinas-carrefour-el-mercado-sin-gluten-100-g/R-VC4AECOMM-164431/p,Pechuga de pavo reducida en sal en lonchas extrafinas Carrefour El Mercado sin gluten 100 g,"2,79 €",,"27,90 €/kg",,Productos Frescos,Charcutería,Fiambre de Pavo y Pollo,https://static.carrefour.es/hd_510x_/img_pim_food/164431_00_1.jpg
https://www.carrefour.es/supermercado/edulcorante-classic-comprimidos-natreen-400-ud/R-521004626/p,Edulcorante Classic comprimidos Natreen 400 ud.,"3,95 €",,"15,43 €/100g",,La Despensa,Desayuno,Azúcar y Edulcorantes,https://static.carrefour.es/hd_510x_/img_pim_food/668797_00_1.jpg
https://www.carrefour.es/supermercado/cepillo-de-unas-fussy-1-ud/R-fprod1230273/p,Cepillo de uñas Fussy 1 ud.,"1,99 €",,"1,99 €/ud",,Perfumería e Higiene,Cosmética,Accesorios de Maquillaje y Manicura y Pedicura,https://static.carrefour.es/hd_510x_/img_pim_food/290975_00_1.jpg
https://www.carrefour.es/supermercado/yogur-natural-cremoso-carrefour-sensation-500-g/R-VC4AECOMM-549359/p,Yogur natural cremoso Carrefour Sensation 500 g.,"1,15 €",,"2,30 €/kg",,La Despensa,Yogures y Postres,Yogur Natural y Sabores,https://static.carrefour.es/hd_510x_/img_pim_food/549359_00_1.jpg
https://www.carrefour.es/supermercado/cafe-fuerte-en-capsulas-saimaza-compatible-con-nespresso-20-unidades-de-52-g/R-prod670394/p,"Café fuerte en cápsulas Saimaza compatible con Nespresso 20 unidades de 5,2 g.","5,25 €",,"50,48 €/kg",,La Despensa,Desayuno,Cafés,https://static.carrefour.es/hd_510x_/img_pim_food/846127_00_1.jpg
https://www.carrefour.es/supermercado/pizza-cuatro-quesos-carrefour-classic-pack-de-2-unidades-de-225-g/R-521030204/p,Pizza cuatro quesos Carrefour Classic' pack de 2 unidades de 225 g.,"2,89 €",,"6,42 €/kg",,La Despensa,"Conservas, Sopas y Precocinados",Pizzas,https://static.carrefour.es/hd_510x_/img_pim_food/625168_00_1.jpg
https://www.carrefour.es/supermercado/vino-tinto-gran-reserva-ondarre-doca-rioja-75-cl/R-prod395482/p,Ondarre Laztana Tinto Gran Reserva 2018,"13,00 €",,"13,00 €/ud",,Bebidas,Vinos,Tinto,https://static.carrefour.es/hd_510x_/img_pim_food/498285_00_1.jpg
https://www.carrefour.es/supermercado/barritas-sustitutivas-sabor-chocolate-crujiente-bimanan-bekomplett-sin-gluten-pack-de-8-unidades-de-35-g/R-590512044/p,Barritas sustitutivas sabor chocolate crujiente Bimanán BeKomplett sin gluten pack de 8 unidades de 35 g.,"15,29 €",,"4,78 €/100g",,Parafarmacia,Nutrición y Dietética,Control de Peso,https://static.carrefour.es/hd_510x_/img_pim_food/796008_00_1.jpg
https://www.carrefour.es/supermercado/oreja-guisada-original-carrefour-sin-gluten-370-g/R-prod500422/p,Oreja guisada Original Carrefour sin gluten 370 g.,"2,35 €",,"6,35 €/kg",,La Despensa,"Conservas, Sopas y Precocinados",Platos Tradicionales,https://static.carrefour.es/hd_510x_/img_pim_food/734197_00_1.jpg
https://www.carrefour.es/supermercado/papel-de-cocina-ultra-fuerte-scottex-2-rollos/R-VC4AECOMM-480371/p,Papel de cocina Ultra Fuerte Scottex 2 rollos.,"4,35 €",,"2,17 €/ud",,Limpieza y Hogar,Papel y Celulosa,Papel Cocina y Multiusos,https://static.carrefour.es/hd_510x_/img_pim_food/480371_00_1.jpg
https://www.carrefour.es/supermercado/ambientador-automatico-sense-spray-relax-zen-recambio-glade-2-ud/R-784529343/p,Ambientador automático Sense & Spray relax zen recambio Glade 2 ud.,"7,05 €",,"7,05 €/ud",,Limpieza y Hogar,Ambientadores,Automáticos,https://static.carrefour.es/hd_510x_/img_pim_food/874241_00_1.jpg
https://www.carrefour.es/supermercado/queso-fresco-protein-plus-burgo-de-arias-pack-de-6-unidades-de-70-g/R-VC4AECOMM-166270/p,Queso fresco Protein Plus Burgo de Arias pack de 6 unidades de 70 g.,"4,17 €",,"9,93 €/kg",,Productos Frescos,Quesos,Todos los Quesos,https://static.carrefour.es/hd_510x_/img_pim_food/166270_00_1.jpg
https://www.carrefour.es/supermercado/crema-corporal-hydra-bebe-mustela-750-ml/R-VC4AECOMM-532281/p,Crema corporal hydra bebe Mustela 750 ml.,"18,39 €",,"2,45 €/100ml",,Bebé,Perfumería e Higiene,"Crema Corporal, Talcos y Anti-irritación",https://static.carrefour.es/hd_510x_/img_pim_food/532281_00_1.jpg
https://www.carrefour.es/supermercado/aceite-de-oliva-virgen-plancha-y-horno-carbonell-200-ml/R-677310509/p,Aceite de oliva virgen plancha y horno Carbonell 200 ml.,"4,34 €",,"21,70 €/l",,La Despensa,Alimentación,Aceites y vinagres,https://static.carrefour.es/hd_510x_/img_pim_food/039750_00_1.jpg
https://www.carrefour.es/supermercado/espaguetis-al-huevo-carrefour-500-g/R-521005673/p,Espaguetis al huevo Carrefour 500 g.,"1,25 €",,"2,50 €/kg",,La Despensa,Alimentación,Pastas,https://static.carrefour.es/hd_510x_/img_pim_food/228709_00_1.jpg
https://www.carrefour.es/supermercado/lechuga-romana-1-ud/R-521034097/p,Lechuga romana 1 ud,"0,79 €",,"1,05 €/kg",,Productos Frescos,Verduras y hortalizas,Ensaladas y Verduras Preparadas,https://static.carrefour.es/hd_510x_/img_pim_food/050303_00_1.jpg
https://www.carrefour.es/supermercado/pinza-extra-grande-ponette-1-ud/R-prod960001/p,Pinza extra grande Ponette 1 ud.,"3,49 €",,"3,49 €/ud",,Perfumería e Higiene,Cabello,"Cepillos, Peines y Accesorios",https://static.carrefour.es/hd_510x_/img_pim_food/940798_00_1.jpg
https://www.carrefour.es/supermercado/caldo-casero-de-pollo-gallina-blanca-sin-gluten-pack-de-2-briks-de-1-l/R-680702146/p,Caldo casero de pollo Gallina Blanca sin gluten pack de 2 briks de 1 l.,"4,19 €",,"2,09 €/l",,La Despensa,"Conservas, Sopas y Precocinados","Caldos, Sopas y Pure",https://static.carrefour.es/hd_510x_/img_pim_food/065288_00_1.jpg
https://www.carrefour.es/supermercado/crema-al-vinagre-balsamico-de-modena-borges-250-ml/R-573101542/p,Crema al vinagre balsámico de módena Borges 250 ml.,"3,45 €",,"13,80 €/l",,La Despensa,Alimentación,Aceites y vinagres,https://static.carrefour.es/hd_510x_/img_pim_food/280733_00_1.jpg
https://www.carrefour.es/supermercado/fideo-n-2-gallo-450-g/R-VC4AECOMM-557296/p,Fideo nº 2 Gallo 450 g.,"1,41 €",,"3,13 €/kg",,La Despensa,Alimentación,Pastas,https://static.carrefour.es/hd_510x_/img_pim_food/557296_00_1.jpg
https://www.carrefour.es/supermercado/yogur-desnatado-con-trozos-de-fresa-carrefour-classic-sin-gluten-y-sin-azucar-anadido-pack-de-6-unidades-de-125-g/R-VC4AECOMM-691077/p,Yogur desnatado con trozos de fresa Carrefour Classic' sin gluten y sin azúcar añadido pack de 6 unidades de 125 g.,"1,84 €",,"2,45 €/kg",,La Despensa,Yogures y Postres,Yogures Desnatados,https://static.carrefour.es/hd_510x_/img_pim_food/691077_00_1.jpg
https://www.carrefour.es/supermercado/plumero-atrapa-polvo-pronto-aparato-2-recambios/R-521001949/p,Plumero atrapa-polvo Pronto aparato + 2 recambios,"6,15 €",,"6,15 €/ud",,Limpieza y Hogar,Productos para toda la casa,Limpia Muebles,https://static.carrefour.es/hd_510x_/img_pim_food/565195_00_1.jpg
https://www.carrefour.es/supermercado/gaseosa-zarro-sifon-15-l/R-prod90542/p,"Gaseosa Zarro sifón 1,5 l.","3,59 €",,"2,39 €/l",,Bebidas,Vinos,Sangría y Tinto de Verano,https://static.carrefour.es/hd_510x_/img_pim_food/219702_00_1.jpg
https://www.carrefour.es/supermercado/pechuga-de-pollo-en-aceite-classic-carrefour-pack-de-2-unidades-de-52-g/R-VC4AECOMM-083697/p,Pechuga de pollo en aceite Classic Carrefour pack de 2 unidades de 52 g.,"2,09 €",,"24,88 €/kg",,La Despensa,"Conservas, Sopas y Precocinados",Conservas de Carne,https://static.carrefour.es/hd_510x_/img_pim_food/083697_00_1.jpg
https://www.carrefour.es/supermercado/caja-de-6-botellas-de-vino-blanco-verdejo-caballito-de-mar-do-rueda-75-cl/R-842010893/p,Caja de 6 botellas de vino blanco verdejo Caballito de Mar D.O. Rueda 75 cl.,"11,75 €",,"11,75 €/ud",,,,,https://static.carrefour.es/hd_510x_/img_pim_food/981060_00_1.jpg
https://www.carrefour.es/supermercado/arroz-integral-para-microondas-brillante-pack-de-2-unidades-de-125-g/R-521005544/p,Arroz integral para microondas Brillante pack de 2 unidades de 125 g.,"1,25 €",,"5,00 €/kg",,La Despensa,Alimentación,Arroz y Cous Cous,https://static.carrefour.es/hd_510x_/img_pim_food/580798_00_1.jpg
https://www.carrefour.es/supermercado/aceitunas-verdes-rellenas-de-anchoa-la-espanola-sin-gluten-pack-de-3-latas-de-150-g/R-521003912/p,Aceitunas verdes rellenas de anchoa La Española sin gluten pack de 3 latas de 150 g.,"6,69 €",,"14,87 €/kg",,La Despensa,Aperitivos,Aceitunas y Encurtidos,https://static.carrefour.es/hd_510x_/img_pim_food/081312_00_1.jpg
https://www.carrefour.es/supermercado/enjuague-bucal-infantil-proteccion-anti-caries-sabor-frutos-rojos-sin-alcohol-smart-rinse-listerine-500-ml/R-521000461/p,Enjuague bucal infantil protección anti-caries sabor frutos rojos sin alcohol Smart Rinse Listerine 500 ml.,"5,55 €",,"1,11 €/100ml",,Perfumería e Higiene,Boca y Sonrisa,Enjuagues Bucales,https://static.carrefour.es/hd_510x_/img_pim_food/001393_00_1.jpg
https://www.carrefour.es/supermercado/vino-blanco-rosado-garnacha-negra-freixenet-docatalunya-75-cl/R-VC4AECOMM-315691/p,Freixenet Rosado 2021,"7,79 €",,"7,79 €/ud",,Bebidas,Vinos,Rosado,https://static.carrefour.es/hd_510x_/img_pim_food/315691_00_1.jpg
https://www.carrefour.es/supermercado/gel-antical-power-protect-carrefour-750-ml/R-543602458/p,Gel antical Power Protect Carrefour 750 ml.,"2,09 €",,"2,79 €/l",,Limpieza y Hogar,Cuidado de la Ropa,Limpiadores y Antical para Lavadora,https://static.carrefour.es/hd_510x_/img_pim_food/654631_00_1.jpg
https://www.carrefour.es/supermercado/barritas-de-cereales-con-frutas-rojas-special-k-kelloggs-6-unidades-de-215-g/R-521013981/p,"Barritas de cereales con frutas rojas Special K Kellogg's 6 unidades de 21,5 g.","3,99 €",,"30,93 €/kg",,La Despensa,Desayuno,Barritas,https://static.carrefour.es/hd_510x_/img_pim_food/506748_00_1.jpg
https://www.carrefour.es/supermercado/chuleteado-de-cordero-mixto-familiar-carrefour-el-mercado-450-g-aprox/R-754605421/p,Chuleteado de cordero mixto familiar Carrefour El Mercado 450 g aprox,"9,00 €",,"20,00 €/kg",,Productos Frescos,Carnicería,Cordero,https://static.carrefour.es/hd_510x_/img_pim_food/544731_00_1.jpg
https://www.carrefour.es/supermercado/cepillo-alisa-y-moldea-48-mm-fussy-1-ud/R-fprod1320292/p,Cepillo alisa y moldea 48 mm. Fussy 1 ud.,"4,69 €",,"4,69 €/ud",,Perfumería e Higiene,Cabello,"Cepillos, Peines y Accesorios",https://static.carrefour.es/hd_510x_/img_pim_food/335022_00_1.jpg
https://www.carrefour.es/supermercado/patatas-fritas-tyrrells-150-g/R-658001964/p,Patatas fritas Tyrrell's 150 g.,"4,35 €",,"29,00 €/kg",,La Despensa,Aperitivos,Patatas Fritas,https://static.carrefour.es/hd_510x_/img_pim_food/741313_00_1.jpg
https://www.carrefour.es/supermercado/crema-depilatoria-piel-sensible-cuerpo-piernas-minima-veet-200-ml/R-520664415/p,Crema depilatoria piel sensible cuerpo & piernas minima Veet 200 ml.,"5,85 €",,"2,92 €/100ml",,Perfumería e Higiene,Depilación y Afeitado,Depilación,https://static.carrefour.es/hd_510x_/img_pim_food/697536_00_1.jpg
https://www.carrefour.es/supermercado/crema-de-manos-rapida-absorcion-neutrogena-150-ml/R-590504692/p,Crema de manos rápida absorción Neutrogena 150 ml.,"13,35 €",,"8,90 €/100ml",,Parafarmacia,Cuidado de manos y pies,Crema de Manos,https://static.carrefour.es/hd_510x_/img_pim_food/272971_00_1.jpg
https://www.carrefour.es/supermercado/snacks-de-cereales-con-platano-desde-8-meses-ecologico-gerber-sin-azucar-anadido-35-g/R-VC4AECOMM-026821/p,Snacks de cereales con plátano desde 8 meses ecológico Gerber sin azúcar añadido 35 g.,"2,59 €",,"74,00 €/kg",,Bebé,Alimentación infantil,Galletas y Snacks,https://static.carrefour.es/hd_510x_/img_pim_food/026821_00_1.jpg
https://www.carrefour.es/supermercado/pienso-de-pollo-y-arroz-para-perro-adulto-ultima-3-kg/R-521007815/p,Pienso de pollo y arroz para perro adulto Ultima 3 Kg,"13,45 €",,"4,48 €/kg",,Mascotas,Perros,Pienso para perros,https://static.carrefour.es/hd_510x_/img_pim_food/133394_00_1.jpg
https://www.carrefour.es/supermercado/bacaladilla-600-g-aprox/R-628108250/p,Bacaladilla 600 g aprox,"2,99 €",,,,Productos Frescos,Pescadería,Pescado Fresco,https://static.carrefour.es/hd_510x_/img_pim_food/058128_00_1.jpg
https://www.carrefour.es/supermercado/gelatina-light-sabores-classic-carrefour-sin-gluten-y-sin-azucar-anadido-pack-de-6-unidades-de-100-g/R-VC4AECOMM-260548/p,Gelatina light sabores Classic´ Carrefour sin gluten y sin azúcar añadido pack de 6 unidades de 100 g.,"0,99 €",,"1,65 €/kg",,La Despensa,Yogures y Postres,Gelatina,https://static.carrefour.es/hd_510x_/img_pim_food/260548_00_1.jpg
https://www.carrefour.es/supermercado/cafe-molido-tueste-intenso-illy-bote-250-g/R-prod280136/p,Café molido tueste intenso Illy bote 250 g.,"8,89 €",,"35,56 €/kg",,La Despensa,Desayuno,Cafés,https://static.carrefour.es/hd_510x_/img_pim_food/338259_00_1.jpg
https://www.carrefour.es/supermercado/pasta-maravilla-gallo-450-g/R-VC4AECOMM-557269/p,Pasta maravilla Gallo 450 g.,"1,41 €",,"3,13 €/kg",,La Despensa,Alimentación,Pastas,https://static.carrefour.es/hd_510x_/img_pim_food/557269_00_1.jpg
https://www.carrefour.es/supermercado/filtro-de-agua-philips-x-guard/R-VC4AECOMM-695008/p,Filtro de Agua PHILIPS X-Guard,"14,99 €",,"14,99 €/ud",,Limpieza y Hogar,Menaje,Jarras y filtros de agua,https://static.carrefour.es/hd_510x_/img_pim_food/695008_00_1.jpg
https://www.carrefour.es/supermercado/cava-juve-y-camps-brut-reserva-75-cl/R-526413117/p,Cinta Purpura Cava Reserva,"15,79 €",,"15,79 €/ud",,,,,https://static.carrefour.es/hd_510x_/img_pim_food/033256_00_1.jpg
https://www.carrefour.es/supermercado/ambientador-electrico-flores-de-cerezo-essential-recambio-carrefour-1-ud/R-VC4AECOMM-406590/p,Ambientador eléctrico flores de cerezo Essential recambio Carrefour 1 ud.,"1,28 €",,"64,00 €/l",,Limpieza y Hogar,Ambientadores,Eléctricos,https://static.carrefour.es/hd_510x_/img_pim_food/406590_00_1.jpg
https://www.carrefour.es/supermercado/bifidus-con-mango-danone-activia-pack-de-4-unidades-de-120-g/R-521029562/p,Bífidus con mango Danone Activia pack de 4 unidades de 120 g.,"2,49 €",,"5,19 €/kg",,La Despensa,Yogures y Postres,Bífidus,https://static.carrefour.es/hd_510x_/img_pim_food/798654_00_1.jpg
https://www.carrefour.es/supermercado/cafe-extra-fuerte-en-capsulas-saimaza-compatible-con-nespresso-40-unidades-de-52-g/R-VC4AECOMM-198227/p,"Café extra fuerte en cápsulas Saimaza compatible con Nespresso 40 unidades de 5,2 g.","10,89 €",,"52,36 €/kg",,La Despensa,Desayuno,Cafés,https://static.carrefour.es/hd_510x_/img_pim_food/198227_00_1.jpg
https://www.carrefour.es/supermercado/cafe-espresso-en-capsulas-lor-sontuoso-10-ud/R-prod160044/p,Café espresso en cápsulas Lor Sontuoso 10 ud.,"3,95 €",,"75,96 €/kg",,,,,https://static.carrefour.es/hd_510x_/img_pim_food/234814_00_1.jpg
https://www.carrefour.es/supermercado/tarrito-de-manzana-platano-y-yogur-desde-6-meses-ecologico-hero-solo-sin-gluten-120-g/R-prod820290/p,"Tarrito de manzana, plátano y yogur desde 6 meses ecológico Hero Solo sin gluten 120 g.","1,56 €",,"13,00 €/kg",,Bebé,Alimentación infantil,Tarritos y Platos Preparados,https://static.carrefour.es/hd_510x_/img_pim_food/264574_00_1.jpg
https://www.carrefour.es/supermercado/champu-brillo-expres-carrefour-750-ml/R-814301079/p,Champú brillo exprés Carrefour 750 ml.,"1,10 €",,"0,15 €/100ml",,Perfumería e Higiene,Cabello,Champús,https://static.carrefour.es/hd_510x_/img_pim_food/941121_00_1.jpg
https://www.carrefour.es/supermercado/panna-cotta-al-caramelo-carrefour-pack-de-4-unidades-de-90-g/R-prod800126/p,Panna cotta al caramelo Carrefour pack de 4 unidades de 90 g.,"0,99 €",,"2,75 €/kg",,La Despensa,Yogures y Postres,Otros Postres,https://static.carrefour.es/hd_510x_/img_pim_food/991332_00_1.jpg
https://www.carrefour.es/supermercado/semilla-de-lino-ecologica-carrefour-granel-tarrina-125-g/R-prod270839/p,Semilla de lino ecológica Carrefour granel tarrina 125 g,"1,32 €",,"10,56 €/kg",,La Despensa,Aperitivos,Frutos Secos,https://static.carrefour.es/hd_510x_/img_pim_food/299865_00_1.jpg
https://www.carrefour.es/supermercado/paleta-asada-al-horno-en-lonchas-noel-delizias-sin-gluten-y-sin-lactosa-150-g/R-fprod1420346/p,Paleta asada al horno en lonchas Noel Delizias sin gluten y sin lactosa 150 g.,"2,79 €",,"18,60 €/kg",,Productos Frescos,Charcutería,Jamón Cocido y Lacón,https://static.carrefour.es/hd_510x_/img_pim_food/369452_00_1.jpg
https://www.carrefour.es/supermercado/rotuladores-alpino-12-ud/R-606510891/p,Rotuladores Alpino 12 ud,"3,19 €",,"0,27 €/ud",,Limpieza y Hogar,Papelería,Colorear,https://static.carrefour.es/hd_510x_/img_pim_food/745438_00_1.jpg
https://www.carrefour.es/supermercado/aceitunas-verdes-rellenas-de-anchoa-carrefour-150-g/R-VC4AECOMM-441985/p,Aceitunas verdes rellenas de anchoa Carrefour 150 g.,"1,77 €",,"11,80 €/kg",,La Despensa,Aperitivos,Aceitunas y Encurtidos,https://static.carrefour.es/hd_510x_/img_pim_food/441985_00_1.jpg
https://www.carrefour.es/supermercado/mini-fuet-snackin-campofrio-250-g/R-VC4AECOMM-698952/p,MIni Fuet Snack'in Campofrío 250 g,"6,75 €",,"27,00 €/kg",,Productos Frescos,Charcutería,"Salchichón, Salami y Fuet",https://static.carrefour.es/hd_510x_/img_pim_food/698952_00_1.jpg
https://www.carrefour.es/supermercado/velon-ilumnacion-15x57-cm-blanco/R-VC4AECOMM-881161/p,"Velón Ilumnación 15x5,7 cm - Blanco","1,37 €",,"1,37 €/ud",,Limpieza y Hogar,Ambientadores,Decorativos,https://static.carrefour.es/hd_510x_/img_pim_food/881161_00_1.jpg
https://www.carrefour.es/supermercado/refresco-de-limon-carrefour-con-gas-lata-33-cl/R-800038289/p,Refresco de limón Carrefour con gas lata 33 cl.,"0,35 €",,"1,06 €/l
- 2,10 €/6 uds.",,Bebidas,Refrescos,Sabores con Gas,https://static.carrefour.es/hd_510x_/img_pim_food/904868_00_1.jpg
https://www.carrefour.es/supermercado/mascara-de-pestanas-very-black-wonderextension-rimmel-london-1-ud/R-VC4AECOMM-461857/p,Máscara de pestañas Very Black Wonder´Extension Rimmel London 1 ud.,"12,89 €",,"12,89 €/ud",,Perfumería e Higiene,Cosmética,Ojos,https://static.carrefour.es/hd_510x_/img_pim_food/461857_00_1.jpg
https://www.carrefour.es/supermercado/mascarilla-hidratacion-intensiva-pantene-pro-v-miracle-300-ml/R-VC4AECOMM-312405/p,Mascarilla hidratación intensiva Pantene Pro-V Miracle 300 ml.,"9,05 €",,"3,02 €/100ml",,Perfumería e Higiene,Cabello,Cuidado y Tratamientos del cabello,https://static.carrefour.es/hd_510x_/img_pim_food/312405_00_1.jpg
https://www.carrefour.es/supermercado/yogur-con-trozos-de-fresa-danone-activia-sin-lactosa-pack-de-4-unidades-de-120-g/R-VC4AECOMM-500568/p,Yogur con trozos de fresa Danone Activia sin lactosa pack de 4 unidades de 120 g.,"2,15 €",,"4,48 €/kg",,La Despensa,Yogures y Postres,Yogures Desnatados,https://static.carrefour.es/hd_510x_/img_pim_food/500568_00_1.jpg
https://www.carrefour.es/supermercado/panales-dodot-bebe-seco-t6-14-20-kg-48-ud/R-VC4AECOMM-799291/p,Pañales Dodot bebé-seco T6+ (14-20 kg.) 48 ud.,"28,80 €",,"0,60 €/ud",,Bebé,Pañales y Toallitas,Pañales Dodot,https://static.carrefour.es/hd_510x_/img_pim_food/799291_00_1.jpg
https://www.carrefour.es/supermercado/cacahuete-cubierto-de-chocolate-conguitos-sin-gluten-350-g/R-522715032/p,Cacahuete cubierto de chocolate Conguitos sin gluten 350 g.,"3,95 €",,"11,29 €/kg",,La Despensa,Dulce,Bombones y Chocolates,https://static.carrefour.es/hd_510x_/img_pim_food/799029_00_1.jpg
https://www.carrefour.es/supermercado/nugget-de-pollo-nicolasa-500-g/R-VC4AECOMM-504981/p,Nugget de pollo Nicolasa 500 g.,"2,45 €",,"4,90 €/kg",,Congelados,Rebozados y Platos Preparados,,https://static.carrefour.es/hd_510x_/img_pim_food/504981_00_1.jpg
https://www.carrefour.es/supermercado/cafe-forza-en-capsulas-lor-espresso-compatible-con-nespresso-10-unidades-de-52-g/R-prod160045/p,"Café forza en cápsulas L'Or Espresso compatible con Nespresso 10 unidades de 5,2 g.","3,95 €",,"75,96 €/kg",,La Despensa,Desayuno,Cafés,https://static.carrefour.es/hd_510x_/img_pim_food/234816_00_1.jpg
https://www.carrefour.es/supermercado/burguer-deluxe-garden-gourmet-180-g/R-859100675/p,Burguer deluxe Garden Gourmet 180 g.,"3,29 €",,"18,28 €/kg",,Congelados,Rebozados y Platos Preparados,,https://static.carrefour.es/hd_510x_/img_pim_food/976543_00_1.jpg
https://www.carrefour.es/supermercado/mayonesa-con-aceite-de-girasol-carrefour-tarro-450-ml/R-prod810397/p,Mayonesa con aceite de girasol Carrefour tarro 450 ml.,"0,99 €",,"2,20 €/kg",,La Despensa,Alimentación,Salsas y Tomate Frito,https://static.carrefour.es/hd_510x_/img_pim_food/122380_00_1.jpg
https://www.carrefour.es/supermercado/limpiador-cocina-aroma-citricos-carrefour-expert-750-ml/R-VC4AECOMM-532271/p,Limpiador cocina aroma cítricos Carrefour Expert 750 ml.,"2,45 €",,"3,27 €/l",,Limpieza y Hogar,Productos para Cocina,Quitagrasas,https://static.carrefour.es/hd_510x_/img_pim_food/532271_00_1.jpg
https://www.carrefour.es/supermercado/mascara-de-pestanas-scandaleyes-reloaded-n-001-black-rimmel-london-1-ud/R-prod65957/p,Máscara de pestañas Scandaleyes Reloaded nº 001 Black Rimmel London 1 ud.,"11,09 €",,"11,09 €/ud",,Perfumería e Higiene,Cosmética,Ojos,https://static.carrefour.es/hd_510x_/img_pim_food/011920_00_1.jpg
https://www.carrefour.es/supermercado/leche-infantil-de-crecimiento-desde-12-meses-en-polvo-hero-baby-nutrasense-premium-3-lata-800-g/R-prod820289/p,Leche infantil de crecimiento desde 12 meses en polvo Hero Baby Nutrasense Premium 3 lata 800 g.,"17,89 €",,"22,36 €/kg",,Bebé,Alimentación infantil,Leches Infantiles,https://static.carrefour.es/hd_510x_/img_pim_food/264577_00_1.jpg
https://www.carrefour.es/supermercado/barra-de-labios-superstay-24h-760-pink-spice-maybelline-1-ud/R-618404966/p,Barra de labios Superstay 24h 760 Pink Spice Maybelline 1 ud.,"12,65 €",,"12,65 €/ud",,Perfumería e Higiene,Cosmética,Labios,https://static.carrefour.es/hd_510x_/img_pim_food/363153_00_1.jpg
https://www.carrefour.es/supermercado/filete-de-caballa-en-aceite-de-oliva-isabel-85-g/R-prod190049/p,Filete de caballa en aceite de oliva Isabel 85 g.,"3,85 €",,"45,29 €/kg",,La Despensa,"Conservas, Sopas y Precocinados",Conservas de Pescado y Marisco,https://static.carrefour.es/hd_510x_/img_pim_food/193074_00_1.jpg
https://www.carrefour.es/supermercado/gel-y-champu-spiderman-1-l/R-VC4AECOMM-504602/p,Gel y Champú Spiderman 1 l.,"3,59 €",,"0,36 €/100ml",,Perfumería e Higiene,Cabello,Champús,https://static.carrefour.es/hd_510x_/img_pim_food/504602_00_1.jpg
https://www.carrefour.es/supermercado/comida-humeda-surtido-de-carnes-para-gato-adulto-purina-gourmet-gold-doble-placer-12x85-g/R-789471424/p,Comida húmeda surtido de carnes para gato adulto Purina Gourmet Gold Doble Placer 12x85 g,"8,69 €",,"8,52 €/kg",,Mascotas,Gatos,Pienso para gatos,https://static.carrefour.es/hd_510x_/img_pim_food/667900_00_1.jpg
https://www.carrefour.es/supermercado/tonica-schweppes-limon-botella-1-l/R-VC4AECOMM-813126/p,Tónica Schweppes limón botella 1 l.,"1,90 €",,"1,90 €/l",,Bebidas,Refrescos,Tónica,https://static.carrefour.es/hd_510x_/img_pim_food/813126_00_1.jpg
https://www.carrefour.es/supermercado/agua-mineral-lanjaron-1-l/R-prod810371/p,Agua mineral Lanjarón 1 l.,"0,78 €",,"0,78 €/l
- 3,12 €/4 uds.",,Bebidas,Aguas y Zumos,"Agua de 0,75 a 2 litros",https://static.carrefour.es/hd_510x_/img_pim_food/090803_00_1.jpg
https://www.carrefour.es/supermercado/sistema-de-fregado-con-pedal-vileda-easy-wring-clean-turbo-con-1-recambio-de-microfibras/R-843302555/p,Sistema de Fregado con Pedal VILEDA Easy Wring & Clean Turbo con 1 Recambio de Microfibras,"49,80 €",,"49,80 €/ud",,Limpieza y Hogar,Utensilios de Limpieza,Cubos de Fregar y Barreños,https://static.carrefour.es/hd_510x_/img_pim_food/985340_00_1.jpg
https://www.carrefour.es/supermercado/chopped-en-lonchas-carrefour-el-mercado-sin-gluten-250-g/R-VC4AECOMM-710772/p,Chopped en lonchas Carrefour El Mercado sin gluten 250 g,"1,55 €",,"6,20 €/kg",,Productos Frescos,Charcutería,Mortadela y Chopped,https://static.carrefour.es/hd_510x_/img_pim_food/710772_00_1.jpg
https://www.carrefour.es/supermercado/tortellini-de-queso-gallo-500-g/R-521005712/p,Tortellini de queso Gallo 500 g.,"3,35 €",,"6,70 €/kg",,La Despensa,Alimentación,Pastas,https://static.carrefour.es/hd_510x_/img_pim_food/372973_00_1.jpg
https://www.carrefour.es/supermercado/caldo-para-paella-de-carne-classic-carrefour-sin-gluten-1-l/R-VC4AECOMM-790074/p,Caldo para paella de carne Classic Carrefour sin gluten 1 l.,"2,25 €",,"2,25 €/l",,La Despensa,"Conservas, Sopas y Precocinados","Caldos, Sopas y Pure",https://static.carrefour.es/hd_510x_/img_pim_food/790074_00_1.jpg
https://www.carrefour.es/supermercado/pan-de-molde-sin-corteza-bimbo-450-g/R-521007151/p,Pan de molde sin corteza Bimbo 450 g.,"2,49 €",,"5,53 €/kg",,La Despensa,"Panaderia, Bollería y Pastelería",Pan de Molde,https://static.carrefour.es/hd_510x_/img_pim_food/367981_00_1.jpg
https://www.carrefour.es/supermercado/colutorio-de-uso-diario-sin-alcohol-previene-caries-dental-lacer-fresh-500-ml/R-590511178/p,Colutorio de uso diario sin alcohol previene caries dental Lacer Fresh 500 ml.,"9,45 €",,"1,89 €/100ml",,Parafarmacia,Higiene Bucal,Colutorio,https://static.carrefour.es/hd_510x_/img_pim_food/760460_00_1.jpg
https://www.carrefour.es/supermercado/fuet-extra-en-lonchas-circulo-de-calidad-100-g/R-VC4AECOMM-431248/p,Fuet extra en lonchas Círculo de Calidad 100 g,"2,65 €",,"26,50 €/kg",,Productos Frescos,Charcutería,"Chorizo, Lomo y Otros",https://static.carrefour.es/hd_510x_/img_pim_food/431248_00_1.jpg
https://www.carrefour.es/supermercado/pasta-spaguettoni-al-bronzo-barrilla-400-g/R-VC4AECOMM-805415/p,Pasta Spaguettoni al bronzo Barrilla 400 g.,"2,09 €",,"5,22 €/kg",,La Despensa,Alimentación,Pastas,https://static.carrefour.es/hd_510x_/img_pim_food/805415_00_1.jpg
https://www.carrefour.es/supermercado/champu-anticaspa-cabello-normal-graso-t-gel-neutrogena-pack-de-2-unidades-de-250-ml/R-590504084/p,Champú anticaspa cabello normal graso T/Gel Neutrogena pack de 2 unidades de 250 ml.,"15,09 €",,"3,02 €/100ml",,Parafarmacia,Cabello,Otros Champús de Tratamiento,https://static.carrefour.es/hd_510x_/img_pim_food/257280_00_1.jpg
https://www.carrefour.es/supermercado/cafe-descafeinado-en-capsulas-marcilla-compatible-con-nespresso-20-unidades-de-52-g/R-VC4AECOMM-486804/p,"Café Descafeinado en cápsulas Marcilla compatible con Nespresso 20 unidades de 5,2 g.","6,39 €",,"61,44 €/kg",,La Despensa,Desayuno,Cafés,https://static.carrefour.es/hd_510x_/img_pim_food/486804_00_1.jpg
https://www.carrefour.es/supermercado/flan-de-clara-de-huevo-proteina-plus-0-materia-grasa-sin-azucares-anadidos-carrefour-sin-gluten-pack-de-2-unidades-de-160-g/R-fprod1460253/p,Flan de clara de huevo Proteína Plus 0% materia grasa sin azúcares añadidos Carrefour sin gluten pack de 2 unidades de 160 g.,"1,60 €",,"5,00 €/kg",,La Despensa,Yogures y Postres,Proteína,https://static.carrefour.es/hd_510x_/img_pim_food/394634_00_1.jpg
https://www.carrefour.es/supermercado/aperitivo-de-patata-sabor-queso-y-cebolla-pringles-185-g/R-VC4AECOMM-142104/p,Aperitivo de patata sabor queso y cebolla Pringles 185 g.,"2,69 €",,"14,54 €/kg",,La Despensa,Aperitivos,Patatas Fritas,https://static.carrefour.es/hd_510x_/img_pim_food/142104_00_1.jpg
https://www.carrefour.es/supermercado/alubia-frijol-negro-classic-carrefour-500-g/R-VC4AECOMM-025044/p,Alubia frijol negro Classic Carrefour 500 g.,"1,23 €",,"2,46 €/kg",,La Despensa,Alimentación,Legumbres,https://static.carrefour.es/hd_510x_/img_pim_food/025044_00_1.jpg
https://www.carrefour.es/supermercado/cafe-ristretto-ardenza-en-capsulas-nescafe-dolce-gusto-30-ud/R-VC4AECOMM-016700/p,Café ristretto ardenza en cápsulas Nescafé Dolce Gusto 30 ud.,"8,15 €",,"41,79 €/kg",,La Despensa,Desayuno,Cafés,https://static.carrefour.es/hd_510x_/img_pim_food/016700_00_1.jpg
https://www.carrefour.es/supermercado/lasana-de-carne-price-300-g/R-VC4AECOMM-203133/p,Lasaña de Carne Price 300 g.,"1,11 €",,"3,70 €/kg",,La Despensa,"Conservas, Sopas y Precocinados",Platos Preparados,https://static.carrefour.es/hd_510x_/img_pim_food/203133_00_1.jpg
https://www.carrefour.es/supermercado/parches-hidrogel-para-los-ojos-con-aloe-vera-idc-institute-1-ud/R-VC4AECOMM-056579/p,Parches hidrogel para los ojos con aloe vera IDC Institute 1 ud.,"1,13 €",,"1,13 €/ud",,Perfumería e Higiene,Cosmética,Rostro,https://static.carrefour.es/hd_510x_/img_pim_food/056579_00_1.jpg
https://www.carrefour.es/supermercado/cerveza-corona-pack-de-6-latas-de-33-cl/R-VC4AECOMM-214151/p,Cerveza Corona pack de 6 latas de 33 cl.,"6,89 €",,"3,48 €/l",,Bebidas,Cerveza,Todas las Cervezas,https://static.carrefour.es/hd_510x_/img_pim_food/214151_00_1.jpg
https://www.carrefour.es/supermercado/migas-de-salmon-crudas-ultracongeladas-delfin-100-g/R-VC4AECOMM-440324/p,Migas de salmón crudas ultracongeladas Delfin 100 g,"1,54 €",,"15,40 €/kg",,Congelados,Pescados Congelados,,https://static.carrefour.es/hd_510x_/img_pim_food/440324_00_1.jpg
https://www.carrefour.es/supermercado/langostino-cocido-40-60-ud-1-kg-aprox/R-529043343/p,Langostino cocido (40/60 ud) 1 kg aprox,"10,89 €",,"10,89 €/kg",,Productos Frescos,Pescadería,"Marisco, Almejas y Mejillones",https://static.carrefour.es/hd_510x_/img_pim_food/231984_00_1.jpg
https://www.carrefour.es/supermercado/aceituna-con-salsa-de-mojo-picon-tarina-de-400-g/R-VC4AECOMM-470606/p,Aceituna con salsa de mojo picón tarina de 400 g,"3,83 €",,"9,57 €/kg",,La Despensa,Aperitivos,Aceitunas y Encurtidos,https://static.carrefour.es/hd_510x_/img_pim_food/470606_00_1.jpg
https://www.carrefour.es/supermercado/cepillo-interdental-18mm-carrefour-5-ud/R-756361226/p,"Cepillo interdental 1,8mm Carrefour 5 ud.","1,38 €",,"0,28 €/ud",,Perfumería e Higiene,Boca y Sonrisa,"Cepillos, Recambios y Accesorios",https://static.carrefour.es/hd_510x_/img_pim_food/765491_00_1.jpg
https://www.carrefour.es/supermercado/pants-para-incontinencia-de-orina-normal-talla-m-absodys-carrefour-8-ud/R-VC4AECOMM-610753/p,Pants para incontinencia de orina normal talla M Absodys Carrefour 8 ud.,"8,25 €",,"1,03 €/ud",,Perfumería e Higiene,Higiene íntima,Incontinencia,https://static.carrefour.es/hd_510x_/img_pim_food/610753_00_1.jpg
https://www.carrefour.es/supermercado/bolsas-antipolillas-aroma-lavanda-fresca-orion-20-ud/R-521001902/p,Bolsas antipolillas aroma lavanda fresca Orion 20 ud.,"2,65 €",,"0,13 €/ud",,Limpieza y Hogar,Productos para toda la casa,Insecticidas,https://static.carrefour.es/hd_510x_/img_pim_food/624342_00_1.jpg
https://www.carrefour.es/supermercado/natilla-de-chocolate-alta-en-proteinas-valio-profeel-protein-sin-lactosa-180-g/R-fprod1460473/p,Natilla de chocolate alta en proteínas Valio Profeel Protein sin lactosa 180 g.,"1,79 €",,"9,94 €/kg",,La Despensa,Yogures y Postres,"Natillas, Cremas y Copas",https://static.carrefour.es/hd_510x_/img_pim_food/401839_00_1.jpg
https://www.carrefour.es/supermercado/crema-revitalizante-age-perfect-renacimiento-celular-loreal-50-ml/R-prod720855/p,Crema revitalizante Age Perfect Renacimiento celular L'Oréal 50 ml.,"24,75 €",,"49,50 €/100ml",,Perfumería e Higiene,Cuidado y Protección Corporal,Piel,https://static.carrefour.es/hd_510x_/img_pim_food/853281_00_1.jpg
https://www.carrefour.es/supermercado/plantillas-de-gel-confortables-talla-m-37-42-carrefour-expert-1-par/R-795189260/p,Plantillas de gel confortables talla M 37-42 Carrefour Expert 1 par.,"4,95 €",,"4,95 €/ud",,Limpieza y Hogar,Calzado,Plantillas de Calzado,https://static.carrefour.es/hd_510x_/img_pim_food/895760_00_1.jpg
https://www.carrefour.es/supermercado/vino-tinto-roble-tempranillo-portia-do-ribera-del-duero-75-cl/R-627802038/p,Portia Tinto Roble 2021,"8,39 €",,"8,39 €/ud",,Bebidas,Vinos,Tinto,https://static.carrefour.es/hd_510x_/img_pim_food/804443_00_1.jpg
https://www.carrefour.es/supermercado/granola-con-chocolate-y-coco-ecologico-el-granero-sin-gluten-350-g/R-VC4AECOMM-176952/p,Granola con chocolate y coco ecológico El Granero sin gluten 350 g.,"4,99 €",,"14,26 €/kg",,La Despensa,Desayuno,Cereales,https://static.carrefour.es/hd_510x_/img_pim_food/176952_00_1.jpg
https://www.carrefour.es/supermercado/lomo-de-cerdo-duroc-en-filetes-circulo-de-calidad-carrefour-450-g-aprox/R-VC4AECOMM-001523/p,Lomo de cerdo Duroc en filetes Círculo de Calidad Carrefour 450 g aprox,"4,93 €",,"10,95 €/kg",,Productos Frescos,Carnicería,Cerdo,https://static.carrefour.es/hd_510x_/img_pim_food/001523_00_1.jpg
https://www.carrefour.es/supermercado/set-2-fregonas-carrefour-home-amarillas/R-527031208/p,Set 2 Fregonas CARREFOUR HOME - Amarillas,"1,99 €",,"0,99 €/ud",,Limpieza y Hogar,Utensilios de Limpieza,Fregonas,https://static.carrefour.es/hd_510x_/img_pim_food/588086_00_1.jpg
https://www.carrefour.es/supermercado/pan-escamas-crumbs-panko-estilo-japones-santa-rita-200-g/R-VC4AECOMM-305790/p,Pan escamas crumbs Panko estilo japonés Santa Rita 200 g.,"4,29 €",,"21,45 €/kg",,La Despensa,"Panaderia, Bollería y Pastelería",Pan rallado y rebozados,https://static.carrefour.es/hd_510x_/img_pim_food/305790_00_1.jpg
https://www.carrefour.es/supermercado/yogur-de-arandanos-ecologico-pastoret-135-g/R-prod180412/p,Yogur de arándanos ecológico Pastoret 135 g.,"2,09 €",,"15,48 €/kg",,La Despensa,Yogures y Postres,Yogures Griegos y Enriquecidos,https://static.carrefour.es/hd_510x_/img_pim_food/237745_00_1.jpg
https://www.carrefour.es/supermercado/rabas-de-calamar-enharinadas-pescanova-400-g/R-521033724/p,Rabas de calamar enharinadas Pescanova 400 g.,"4,75 €",,"11,87 €/kg",,Congelados,Rebozados y Platos Preparados,,https://static.carrefour.es/hd_510x_/img_pim_food/047905_00_1.jpg
https://www.carrefour.es/supermercado/chocolate-negro-70-con-naranja-y-almendra-lindt-excellence-100-g/R-fprod1410036/p,Chocolate negro 70% con naranja y almendra Lindt Excellence 100 g.,"3,69 €",,"36,90 €/kg",,La Despensa,Dulce,Bombones y Chocolates,https://static.carrefour.es/hd_510x_/img_pim_food/361146_00_1.jpg
https://www.carrefour.es/supermercado/aceitunas-verdes-rellenas-de-trocitos-de-jalapeno-picaras-la-espanola-sin-gluten-pack-de-3-latas-de-50-g/R-VC4AECOMM-676595/p,Aceitunas verdes rellenas de trocitos de jalapeño Pícaras La Española sin gluten pack de 3 latas de 50 g.,"4,79 €",,"31,93 €/kg",,La Despensa,Aperitivos,Aceitunas y Encurtidos,https://static.carrefour.es/hd_510x_/img_pim_food/676595_00_1.jpg
https://www.carrefour.es/supermercado/limpiamaquinas-en-pastillas-finish-3-ud/R-prod480170/p,Limpiamáquinas en pastillas Finish 3 ud.,"6,09 €",,"2,03 €/ud",,Limpieza y Hogar,Productos para Cocina,Aditivos y limpiamáquinas,https://static.carrefour.es/hd_510x_/img_pim_food/828857_00_1.jpg
https://www.carrefour.es/supermercado/cerveza-tostada-san-miguel-00-alcohol-lata-33-cl/R-VC4AECOMM-126135/p,"Cerveza tostada San Miguel 0,0 alcohol lata 33 cl.","0,80 €",,"2,42 €/l",,Bebidas,Cerveza,Todas las Cervezas,https://static.carrefour.es/hd_510x_/img_pim_food/126135_00_1.jpg
https://www.carrefour.es/supermercado/vino-tinto-joven-tempranillo-carrefour-vendimia-seleccionada-vt-extremadura-1-l/R-520661412/p,Vino tinto joven tempranillo Carrefour Vendimia Seleccionada V.T. Extremadura 1 l.,"1,05 €",,"1,05 €/l",,Bebidas,Vinos,Tinto,https://static.carrefour.es/hd_510x_/img_pim_food/513382_00_1.jpg
https://www.carrefour.es/supermercado/vermut-aperol-70-cl-vino-espumoso-cinzano-pro-soritz-75-cl/R-prod620325/p,Vermut Aperol 70 cl. + Vino espumoso Cinzano Pro Soritz 75 cl.,"17,39 €",,"17,39 €/ud",,Bebidas,Alcoholes,Vermouth,https://static.carrefour.es/hd_510x_/img_pim_food/220545_00_1.jpg
https://www.carrefour.es/supermercado/chocolate-negro-70-con-almendras-enteras-valor-sin-gluten-250-g/R-526539451/p,Chocolate negro 70% con almendras enteras Valor sin gluten 250 g.,"5,05 €",,"20,20 €/kg",,La Despensa,Dulce,Bombones y Chocolates,https://static.carrefour.es/hd_510x_/img_pim_food/798623_00_1.jpg
https://www.carrefour.es/supermercado/banador-panal-desechable-huggies-little-swimmers-t2-3-3-kg-8-kg-20-ud/R-712515565/p,Bañador pañal desechable Huggies Little Swimmers T2-3 (3 kg-8 kg) 20 ud.,"12,69 €",,"0,63 €/ud",,Bebé,Pañales y Toallitas,Bañadores,https://static.carrefour.es/hd_510x_/img_pim_food/436883_00_1.jpg
https://www.carrefour.es/supermercado/cafe-suave-en-capsulas-carrefour-extra-compatible-con-nespresso-50-unidades-de-52-g/R-VC4AECOMM-275827/p,"Café suave en cápsulas Carrefour Extra compatible con Nespresso 50 unidades de 5,2 g.","9,65 €",,"37,12 €/kg",,La Despensa,Desayuno,Cafés,https://static.carrefour.es/hd_510x_/img_pim_food/275827_00_1.jpg
https://www.carrefour.es/supermercado/paleta-de-bellota-iberica-50-raza-iberica-ibersierra-pieza-de-4-kg-aprox/R-590507296/p,Paleta de Bellota Ibérica 50% Raza Ibérica Ibersierra pieza de 4 kg aprox,"99,00 €",,"22,00 €/kg",,Productos Frescos,Charcutería,Jamón serrano e ibérico Pieza,https://static.carrefour.es/hd_510x_/img_pim_food/517224_00_1.jpg
https://www.carrefour.es/supermercado/mantequilla-pastilla-con-sal-carrefour-classic-250-g/R-fprod1350153/p,Mantequilla pastilla con sal Carrefour Classic 250 g.,"2,05 €",,"8,20 €/kg",,La Despensa,Lácteos,Mantequillas y Margarinas,https://static.carrefour.es/hd_510x_/img_pim_food/337335_00_1.jpg
https://www.carrefour.es/supermercado/yogur-griego-con-fresas-danone-oikos-pack-de-4-unidades-de-110-g/R-VC4AECOMM-460092/p,Yogur griego con fresas Danone Oikos pack de 4 unidades de 110 g.,"2,85 €",,"6,48 €/kg",,La Despensa,Yogures y Postres,Yogures Griegos y Enriquecidos,https://static.carrefour.es/hd_510x_/img_pim_food/460092_00_1.jpg
https://www.carrefour.es/supermercado/pienso-de-pollo-y-cereales-para-perros-mini-brekkies-dog-3-kg/R-799236283/p,Pienso de pollo y cereales para perros Mini Brekkies Dog 3 Kg.,"11,75 €",,"3,92 €/kg",,Mascotas,Perros,Pienso para perros,https://static.carrefour.es/hd_510x_/img_pim_food/897955_00_1.jpg
https://www.carrefour.es/supermercado/crema-de-pollo-gallina-blanca-63-g/R-521005770/p,Crema de pollo Gallina Blanca 63 g.,"1,57 €",,"24,92 €/kg",,La Despensa,"Conservas, Sopas y Precocinados","Caldos, Sopas y Pure",https://static.carrefour.es/hd_510x_/img_pim_food/029114_00_1.jpg
https://www.carrefour.es/supermercado/cava-freixenet-premiun-carta-nevada-brut-75-cl/R-520662193/p,Freixenet Carta Nevada Cava,"6,95 €",,"6,95 €/ud",,Bebidas,Cava y champagne,Cavas,https://static.carrefour.es/hd_510x_/img_pim_food/018550_00_1.jpg
https://www.carrefour.es/supermercado/supradyn-energy-adultos-sin-gluten-y-sin-lactosa-70-ud/R-682908868/p,Supradyn energy adultos sin gluten y sin lactosa 70 ud.,"13,85 €",,"6,92 €/100g",,Parafarmacia,Nutrición y Dietética,Complementos Vitamínicos,https://static.carrefour.es/hd_510x_/img_pim_food/069538_00_1.jpg
https://www.carrefour.es/supermercado/limpia-muebles-pronto-250-ml/R-VC4AECOMM-168892/p,Limpia muebles Pronto 250 ml.,"2,89 €",,"11,56 €/l",,Limpieza y Hogar,Productos para toda la casa,Limpia Muebles,https://static.carrefour.es/hd_510x_/img_pim_food/168892_00_1.jpg
https://www.carrefour.es/supermercado/cafe-en-grano-crema-e-gusto-lavazza-1-kg/R-VC4AECOMM-085497/p,Café en grano Crema e Gusto Lavazza 1 kg.,"21,90 €",,"21,90 €/kg",,La Despensa,Desayuno,Cafés,https://static.carrefour.es/hd_510x_/img_pim_food/085497_00_1.jpg
https://www.carrefour.es/supermercado/crema-de-manos-atopi-control-para-piel-seca-pack-2-unidades-de-75-ml/R-prod1020222/p,Crema de manos Atopi control para piel seca pack 2 unidades de 75 ml.,"11,65 €",,"7,77 €/100ml",,Parafarmacia,Cuidado corporal,Cremas y Lociones,https://static.carrefour.es/hd_510x_/img_pim_food/094850_00_1.jpg
https://www.carrefour.es/supermercado/harina-de-maiz-randimpak-1-kg/R-590212127/p,Harina de maíz Randimpak 1 kg.,"2,70 €",,"2,70 €/kg",,La Despensa,Alimentación,Harinas y Levaduras,https://static.carrefour.es/hd_510x_/img_pim_food/385434_00_1.jpg
https://www.carrefour.es/supermercado/pizza-de-jamon-y-queso-carrefour-classic-pack-de-2-unidades-de-225-g/R-521030206/p,Pizza de jamón y queso Carrefour Classic' pack de 2 unidades de 225 g.,"2,89 €",,"6,42 €/kg",,La Despensa,"Conservas, Sopas y Precocinados",Pizzas,https://static.carrefour.es/hd_510x_/img_pim_food/625174_00_1.jpg
https://www.carrefour.es/supermercado/mini-hamburguesas-de-pollo-200-g/R-VC4AECOMM-497337/p,Mini hamburguesas de pollo 200 g,"1,89 €",,"9,45 €/kg",,Productos Frescos,Carnicería,Hamburguesas,https://static.carrefour.es/hd_510x_/img_pim_food/497337_00_1.jpg
https://www.carrefour.es/supermercado/bolsita-de-4-frutas-desde-4-meses-nestle-sin-gluten-y-sin-azucar-anadido-90-g/R-776104275/p,Bolsita de 4 frutas desde 4 meses Nestlé sin gluten y sin azúcar añadido 90 g.,"1,30 €",,"14,44 €/kg",,Bebé,Alimentación infantil,"Postres, Zumos, Petit y Yogures Infantiles",https://static.carrefour.es/hd_510x_/img_pim_food/781850_00_1.jpg
https://www.carrefour.es/supermercado/sardinas-en-aceite-de-oliva-virgen-extra-ecologico-minerva-85-g/R-VC4AECOMM-065658/p,Sardinas en aceite de oliva virgen extra ecológico Minerva 85 g.,"3,15 €",,"37,06 €/kg",,La Despensa,"Conservas, Sopas y Precocinados",Conservas de Pescado y Marisco,https://static.carrefour.es/hd_510x_/img_pim_food/065658_00_1.jpg
https://www.carrefour.es/supermercado/cepillo-dental-infantil-3-anos-carrefour-3-ud/R-fprod1460593/p,Cepillo dental infantil + 3 años Carrefour 3 ud.,"2,25 €",,"0,75 €/ud",,Perfumería e Higiene,Boca y Sonrisa,"Cepillos, Recambios y Accesorios",https://static.carrefour.es/hd_510x_/img_pim_food/402984_00_1.jpg
https://www.carrefour.es/supermercado/queso-de-mezcla-tierno-mini-carrefour-pieza-de-990-g/R-VC4AECOMM-682048/p,Queso de mezcla tierno mini Carrefour pieza de 990 g,"8,85 €",,"8,94 €/kg",,Productos Frescos,Quesos,Tierno,https://static.carrefour.es/hd_510x_/img_pim_food/682048_00_1.jpg
https://www.carrefour.es/supermercado/bizcocho-de-crema-de-cacao-con-avellanas-carrefour-kids-120-g/R-846800522/p,Bizcocho de crema de cacao con avellanas Carrefour Kids 120 g.,"1,10 €",,"9,17 €/kg",,La Despensa,Desayuno,Galletas,https://static.carrefour.es/hd_510x_/img_pim_food/021578_00_1.jpg
https://www.carrefour.es/supermercado/pan-de-molde-avena-dulcesol-460-g/R-VC4AECOMM-209388/p,Pan de molde avena Dulcesol 460 g.,"2,25 €",,"4,89 €/kg",,La Despensa,"Panaderia, Bollería y Pastelería",Pan de Molde,https://static.carrefour.es/hd_510x_/img_pim_food/209388_00_1.jpg
https://www.carrefour.es/supermercado/magdalenas-cuadradas-classic-carrefour-12-ud/R-VC4AECOMM-310436/p,Magdalenas cuadradas Classic´ Carrefour 12 ud.,"2,29 €",,"6,03 €/kg",,La Despensa,"Panaderia, Bollería y Pastelería",Bollería,https://static.carrefour.es/hd_510x_/img_pim_food/310436_00_1.jpg
https://www.carrefour.es/supermercado/panuelos-faciales-balsam-kleenex-8-ud/R-VC4AECOMM-446054/p,Pañuelos faciales Balsam Kleenex 8 ud.,"2,25 €",,"0,28 €/ud",,Limpieza y Hogar,Papel y Celulosa,Pañuelos,https://static.carrefour.es/hd_510x_/img_pim_food/446054_00_1.jpg
https://www.carrefour.es/supermercado/coloracion-permanente-sin-amoniaco-formula-vegana-tono-80-rubio-miel-good-garnier-1-ud/R-VC4AECOMM-156734/p,Coloración permanente sin amoniaco fórmula vegana tono 8.0 rubio miel Good Garnier 1 ud.,"9,95 €",,"9,95 €/ud",,Perfumería e Higiene,Cabello,Tinte,https://static.carrefour.es/hd_510x_/img_pim_food/156734_00_1.jpg
https://www.carrefour.es/supermercado/gel-de-ducha-nutritivo-para-piel-normal-seca-lactovit-750-ml/R-706508521/p,Gel de ducha nutritivo para piel normal seca Lactovit 750 ml.,"2,95 €",,"0,39 €/100ml",,Perfumería e Higiene,Baño e Higiene Corporal,Geles de Baño,https://static.carrefour.es/hd_510x_/img_pim_food/417093_00_1.jpg
https://www.carrefour.es/supermercado/aperitivo-de-maiz-y-chia-con-sal-marina-risi-mios-sin-gluten-150-g/R-prod90538/p,Aperitivo de maíz y chía con sal marina Risi Mios! sin gluten 150 g.,"1,79 €",,"11,93 €/kg",,La Despensa,Aperitivos,Snacks,https://static.carrefour.es/hd_510x_/img_pim_food/223094_00_1.jpg
https://www.carrefour.es/supermercado/gel-protector-bucal-bexident-aftas-isdin-8-ml/R-VC4AECOMM-493845/p,Gel protector bucal Bexident Aftas Isdin 8 ml.,"13,35 €",,"166,87 €/100ml",,Parafarmacia,Higiene Bucal,Pasta de dientes,https://static.carrefour.es/hd_510x_/img_pim_food/493845_00_1.jpg
https://www.carrefour.es/supermercado/conos-con-helado-de-cookie-chocolate-cornetto-soft-4-ud/R-VC4AECOMM-727068/p,Conos con helado de cookie & chocolate Cornetto Soft 4 ud.,"5,45 €",,"16,82 €/kg",,Congelados,Helados,Conos,https://static.carrefour.es/hd_510x_/img_pim_food/727068_00_1.jpg
https://www.carrefour.es/supermercado/arroz-redondo-integral-ecologico-carrefour-bio-1-kg/R-VC4AECOMM-718631/p,Arroz redondo integral ecológico Carrefour Bio 1 kg.,"3,29 €",,"3,29 €/kg",,La Despensa,Alimentación,Arroz y Cous Cous,https://static.carrefour.es/hd_510x_/img_pim_food/718631_00_1.jpg
https://www.carrefour.es/supermercado/mini-bombon-helado-chocolate-y-caramelo-double-magnum-6-ud/R-827614217/p,Mini bombón helado chocolate y caramelo Double Magnum 6 ud.,"6,05 €",,"1,01 €/ud",,Congelados,Helados,Bombón Helado,https://static.carrefour.es/hd_510x_/img_pim_food/962225_00_1.jpg
https://www.carrefour.es/supermercado/chili-con-carne-sensation-carrefour-sin-gluten-418-g/R-VC4AECOMM-139078/p,Chili con carne Sensation Carrefour sin gluten 418 g.,"2,69 €",,"6,44 €/kg",,La Despensa,"Conservas, Sopas y Precocinados",Platos Preparados,https://static.carrefour.es/hd_510x_/img_pim_food/139078_00_1.jpg
https://www.carrefour.es/supermercado/detergente-liquido-a-mano-gior-750-ml/R-772305182/p,Detergente líquido a mano Gior 750 ml.,"3,29 €",,"4,39 €/l",,Limpieza y Hogar,Cuidado de la Ropa,Detergentes,https://static.carrefour.es/hd_510x_/img_pim_food/779797_00_1.jpg
https://www.carrefour.es/supermercado/crema-de-queso-brie-con-trufa-president-105-g/R-prod860590/p,Crema de queso brie con trufa Président 105 g.,"1,92 €",,"18,29 €/kg",,Productos Frescos,Quesos,Crema de queso,https://static.carrefour.es/hd_510x_/img_pim_food/392470_00_1.jpg
https://www.carrefour.es/supermercado/kuyx-tropical-sin-gas-light-botella-3-l/R-fprod1360368/p,Kuyx tropical sin gas light botella 3 l.,"2,19 €",,"0,73 €/l",,Bebidas,Refrescos,Sabores sin Gas,https://static.carrefour.es/hd_510x_/img_pim_food/896833_00_1.jpg
https://www.carrefour.es/supermercado/agua-de-peinado-desenredante-para-cabello-frozen-ii-disney-400-ml/R-prod68860/p,Agua de peinado desenredante para cabello Frozen II Disney 400 ml,"4,05 €",,"1,01 €/100ml",,Perfumería e Higiene,Cabello,Cuidado y Tratamientos del cabello,https://static.carrefour.es/hd_510x_/img_pim_food/977913_00_1.jpg
https://www.carrefour.es/supermercado/galletas-cookies-de-cacao-con-pepitas-rellenas-de-crema-oreo-milka-156-g/R-VC4AECOMM-323208/p,Galletas cookies de cacao con pepitas rellenas de crema Oreo Milka 156 g.,"3,69 €",,"23,65 €/kg",,La Despensa,"Panaderia, Bollería y Pastelería",Bollería,https://static.carrefour.es/hd_510x_/img_pim_food/323208_00_1.jpg
https://www.carrefour.es/supermercado/vino-tinto-crianza-pesquera-do-ribera-del-duero-75-cl/R-520662615/p,Pesquera Tinto Crianza 2021,"21,30 €",,"21,30 €/ud",,Bebidas,Vinos,Tinto,https://static.carrefour.es/hd_510x_/img_pim_food/048842_00_1.jpg
https://www.carrefour.es/supermercado/desodorante-en-spray-blackwhite-invisible-fresh-nivea-250-ml/R-fprod1190521/p,Desodorante en spray Black&White Invisible Fresh Nivea 250 ml.,"4,49 €",,"1,80 €/100ml",,Perfumería e Higiene,Baño e Higiene Corporal,Desodorantes,https://static.carrefour.es/hd_510x_/img_pim_food/243498_00_1.jpg
https://www.carrefour.es/supermercado/compresas-para-incontinencia-de-orina-normal-soft-carrefour-12-ud/R-521000605/p,Compresas para incontinencia de orina normal Soft Carrefour 12 ud.,"2,35 €",,"0,20 €/ud",,Perfumería e Higiene,Higiene íntima,Incontinencia,https://static.carrefour.es/hd_510x_/img_pim_food/552756_00_1.jpg
https://www.carrefour.es/supermercado/limpiador-de-suciedad-y-manchas-de-humedad-para-banos-y-juntas-negras-cillit-bang-750-ml/R-866819000/p,Limpiador de suciedad y manchas de humedad para baños y juntas negras Cillit Bang 750 ml.,"4,85 €",,"6,47 €/l",,Limpieza y Hogar,Productos para Baño,Limpiajuntas,https://static.carrefour.es/hd_510x_/img_pim_food/162731_00_1.jpg
https://www.carrefour.es/supermercado/chocolate-negro-con-naranja-confitada-carrefour-extra-200-g/R-VC4AECOMM-757271/p,Chocolate negro con naranja confitada Carrefour Extra 200 g.,"2,35 €",,"11,75 €/kg",,La Despensa,Dulce,Bombones y Chocolates,https://static.carrefour.es/hd_510x_/img_pim_food/757271_00_1.jpg
https://www.carrefour.es/supermercado/jamon-de-cebo-iberico-50-raza-iberica-en-lonchas-ibersierra-sin-gluten-y-sin-lactosa-100-g/R-VC4AECOMM-695012/p,Jamón de Cebo Ibérico 50% Raza Ibérica en lonchas IberSierra sin gluten y sin lactosa 100 g,"6,45 €",,"64,50 €/kg",,Productos Frescos,Charcutería,Jamón Serrano e Ibérico Envasado,https://static.carrefour.es/hd_510x_/img_pim_food/695012_00_1.jpg
https://www.carrefour.es/supermercado/anillos-a-la-romana-receta-clasica-pescanova-sin-gluten-400-g/R-521034300/p,Anillos a la romana Receta Clásica Pescanova sin gluten 400 g.,"4,19 €",,"10,47 €/kg",,Congelados,Rebozados y Platos Preparados,,https://static.carrefour.es/hd_510x_/img_pim_food/003314_00_1.jpg
https://www.carrefour.es/supermercado/bolsita-de-platano-pera-y-naranja-ecologica-hero-solo-pack-sin-gluten-4-unidades-de-100-g/R-VC4AECOMM-445578/p,"Bolsita de plátano, pera y naranja ecológica Hero Solo pack sin gluten 4 unidades de 100 g.","6,15 €",,"15,37 €/kg",,Bebé,Alimentación infantil,"Postres, Zumos, Petit y Yogures Infantiles",https://static.carrefour.es/hd_510x_/img_pim_food/445578_00_1.jpg
https://www.carrefour.es/supermercado/gel-para-lavavajillas-automaticos-limpieza-profunda-fairy-platinum-50-lavados/R-VC4AECOMM-351408/p,Gel para lavavajillas automáticos limpieza profunda Fairy Platinum 50 Lavados.,"11,89 €",,"0,24 €/lavado",,Limpieza y Hogar,Productos para Cocina,Lavavajillas a máquina,https://static.carrefour.es/hd_510x_/img_pim_food/351408_00_1.jpg
https://www.carrefour.es/supermercado/agua-de-colonia-barbie-mattel-30-ml/R-VC4AECOMM-064629/p,Agua de colonia Barbie Mattel 30 ml.,"13,75 €",,"45,83 €/100ml",,Perfumería e Higiene,Baño e Higiene Corporal,Colonias,https://static.carrefour.es/hd_510x_/img_pim_food/064629_00_1.jpg
https://www.carrefour.es/supermercado/aceitunas-rellenas-de-chili-valientes-la-espanola-sin-gluten-pack-de-3-latas-de-50-g/R-VC4AECOMM-676605/p,Aceitunas rellenas de chili Valientes La Española sin gluten pack de 3 latas de 50 g.,"4,79 €",,"31,93 €/kg",,La Despensa,Aperitivos,Aceitunas y Encurtidos,https://static.carrefour.es/hd_510x_/img_pim_food/676605_00_1.jpg
https://www.carrefour.es/supermercado/quema-grasas-sabor-citricos-cellislim-500-ml/R-814301071/p,Quema grasas sabor cítricos CelliSlim 500 ml.,"10,99 €",,"2,20 €/100ml",,La Despensa,Alimentación,Vitaminas y Complementos,https://static.carrefour.es/hd_510x_/img_pim_food/941104_00_1.jpg
https://www.carrefour.es/supermercado/tampones-regular-compak-tampax-38-ud/R-VC4AECOMM-728972/p,Tampones regular Compak Tampax 38 ud.,"6,45 €",,"0,17 €/ud",,Perfumería e Higiene,Higiene íntima,Tampones,https://static.carrefour.es/hd_510x_/img_pim_food/728972_00_1.jpg
https://www.carrefour.es/supermercado/pipas-de-girasol-saladas-classic-carrefour-200-g/R-521003615/p,Pipas de girasol saladas Classic Carrefour 200 g.,"1,20 €",,"6,00 €/kg",,La Despensa,Aperitivos,Frutos Secos,https://static.carrefour.es/hd_510x_/img_pim_food/642813_00_1.jpg
https://www.carrefour.es/supermercado/tarrito-de-pera-y-platano-desde-4-meses-ecologico-gerber-sin-gluten-125-g/R-VC4AECOMM-026826/p,Tarrito de pera y plátano desde 4 meses ecológico Gerber sin gluten 125 g.,"1,99 €",,"15,92 €/kg",,Bebé,Alimentación infantil,Tarritos y Platos Preparados,https://static.carrefour.es/hd_510x_/img_pim_food/026826_00_1.jpg
https://www.carrefour.es/supermercado/cerveza-amstel-00-alcohol-pack-6-botellas-25-cl/R-593401834/p,"Cerveza Amstel 0,0 alcohol pack 6 botellas 25 cl.","3,65 €",,"2,43 €/l",,Bebidas,Cerveza,Todas las Cervezas,https://static.carrefour.es/hd_510x_/img_pim_food/346854_00_1.jpg
https://www.carrefour.es/supermercado/romero-en-hoja-carrefour-classic-25-g/R-VC4AECOMM-676622/p,Romero en hoja Carrefour Classic 25 g.,"0,86 €",,"34,40 €/kg",,La Despensa,Alimentación,Especias y Sazonadores,https://static.carrefour.es/hd_510x_/img_pim_food/676622_00_1.jpg
https://www.carrefour.es/supermercado/yogur-sabor-fresa-carrefour-classic-pack-de-4-unidades-de-125-g/R-VC4AECOMM-372922/p,Yogur sabor fresa Carrefour Classic' pack de 4 unidades de 125 g.,"0,80 €",,"1,60 €/kg",,La Despensa,Yogures y Postres,Yogur Natural y Sabores,https://static.carrefour.es/hd_510x_/img_pim_food/372922_00_1.jpg
https://www.carrefour.es/supermercado/tomate-frito-con-cebolla-classic-carrefour-sin-gluten-560-g/R-VC4AECOMM-479434/p,Tomate frito con cebolla Classic Carrefour sin gluten 560 g.,"1,99 €",,"3,55 €/kg",,La Despensa,Alimentación,Salsas y Tomate Frito,https://static.carrefour.es/hd_510x_/img_pim_food/479434_00_1.jpg
https://www.carrefour.es/supermercado/ambientador-bano-nubes-de-algodon-ambi-pur-1-ud/R-VC4AECOMM-309354/p,Ambientador baño nubes de algodón Ambi Pur 1 ud.,"4,29 €",,"536,25 €/l",,Limpieza y Hogar,Ambientadores,Absorbeolores,https://static.carrefour.es/hd_510x_/img_pim_food/309354_00_1.jpg
https://www.carrefour.es/supermercado/brioche-trenzado-400-g/R-prod1120125/p,Brioche Trenzado 400 g,"3,99 €",,"9,97 €/kg",,Productos Frescos,Panadería Tradicional,Bollería Tradicional,https://static.carrefour.es/hd_510x_/img_pim_food/158038_00_1.jpg
https://www.carrefour.es/supermercado/compresas-ultra-fina-con-alas-super-carrefour-12-ud/R-521000501/p,Compresas ultra fina con alas super+ Carrefour 12 ud.,"1,40 €",,"0,12 €/ud",,Perfumería e Higiene,Higiene íntima,Compresas,https://static.carrefour.es/hd_510x_/img_pim_food/693828_00_1.jpg
https://www.carrefour.es/supermercado/magdalenas-con-yogur-luna-16-ud/R-766605109/p,Magdalenas con yogur Luna 16 ud.,"2,75 €",,"4,58 €/kg",,La Despensa,"Panaderia, Bollería y Pastelería",Bollería,https://static.carrefour.es/hd_510x_/img_pim_food/774606_00_1.jpg
https://www.carrefour.es/supermercado/suavizante-concentrado-azul-flor-elixir-63-lavados/R-VC4AECOMM-177037/p,Suavizante concentrado Azul Flor Elixir 63 lavados.,"6,39 €",,"0,10 €/lavado",,Limpieza y Hogar,Cuidado de la Ropa,Suavizantes,https://static.carrefour.es/hd_510x_/img_pim_food/177037_00_1.jpg
https://www.carrefour.es/supermercado/dentifrico-especial-para-portadores-de-ortodoncia-vitis-100-ml/R-837306070/p,Dentifrico especial para portadores de ortodoncia Vitis 100 ml.,"8,49 €",,"8,49 €/100ml",,Parafarmacia,Higiene Bucal,Ortodoncia,https://static.carrefour.es/hd_510x_/img_pim_food/974821_00_1.jpg
https://www.carrefour.es/supermercado/limpiador-multiusos-aroma-frescor-carrefour-750-ml/R-VC4AECOMM-532268/p,Limpiador multiusos aroma frescor Carrefour 750 ml.,"1,95 €",,"2,60 €/l",,Limpieza y Hogar,Productos para toda la casa,Limpiacristales y Multiusos,https://static.carrefour.es/hd_510x_/img_pim_food/532268_00_1.jpg
https://www.carrefour.es/supermercado/serum-facial-de-dia-ultra-reafirmante-regenerist-olay-50-ml/R-VC4AECOMM-626409/p,Sérum facial de día ultra reafirmante Regenerist Olay 50 ml.,"28,50 €",,"57,00 €/100ml",,Perfumería e Higiene,Cosmética,Rostro,https://static.carrefour.es/hd_510x_/img_pim_food/626409_00_1.jpg
https://www.carrefour.es/supermercado/cafe-espresso-south-asia-en-capsulas-nescafe-farmers-origins-compatibles-con-nespresso-10-ud/R-VC4AECOMM-140033/p,Café espresso South Asia en cápsulas Nescafé Farmers Origins compatibles con Nespresso 10 ud.,"3,95 €",,"85,87 €/kg",,La Despensa,Desayuno,Cafés,https://static.carrefour.es/hd_510x_/img_pim_food/140033_00_1.jpg
https://www.carrefour.es/supermercado/estuche-de-2-botellas-de-frizzante-blanco-verdejo-yllera-55-75-cl-1-botella-frizzante-rose-yllera-55-75-cl/R-728802766/p,Estuche 2 Bot. Yllera 5.5 Blanco Verdejo + 1bot. Rosé Espumoso,"16,89 €",,"16,89 €/ud",,,,,https://static.carrefour.es/hd_510x_/img_pim_food/453941_00_1.jpg
https://www.carrefour.es/supermercado/desodorante-en-spray-antitranspirante-invisible-aqua-72h-advanced-protection-rexona-200-ml/R-VC4AECOMM-814468/p,Desodorante en spray antitranspirante invisible aqua 72h Advanced Protection Rexona 200 ml.,"3,75 €",,"1,87 €/100ml",,Perfumería e Higiene,Baño e Higiene Corporal,Desodorantes,https://static.carrefour.es/hd_510x_/img_pim_food/814468_00_1.jpg
https://www.carrefour.es/supermercado/garbanzo-castellano-cocido-categoria-extra-de-nuestra-tierra-400-g/R-521008516/p,Garbanzo castellano cocido categoría extra De Nuestra Tierra 400 g.,"1,66 €",,"4,15 €/kg",,La Despensa,Alimentación,Legumbres,https://static.carrefour.es/hd_510x_/img_pim_food/540115_00_1.jpg
https://www.carrefour.es/supermercado/cereales-rellenos-de-avellanas-y-chocolate-ecologico-carrefour-bio-375-g/R-VC4AECOMM-609891/p,Cereales rellenos de avellanas y chocolate ecológico Carrefour Bio 375 g.,"2,85 €",,"7,60 €/kg",,La Despensa,Desayuno,Cereales,https://static.carrefour.es/hd_510x_/img_pim_food/609891_00_1.jpg
https://www.carrefour.es/supermercado/aclarante-permanente-n-10-rubio-muy-claro-intensive-color-cream-palette-1-ud/R-600805823/p,Aclarante permanente nº 10 rubio muy claro Intensive Color Cream Palette 1 ud.,"4,79 €",,"4,79 €/ud",,Perfumería e Higiene,Cabello,Tinte,https://static.carrefour.es/hd_510x_/img_pim_food/366274_00_1.jpg
https://www.carrefour.es/supermercado/escoba-para-exterior-carrefour/R-655302062/p,Escoba para Exterior Carrefour,"2,59 €",,"2,59 €/ud",,Limpieza y Hogar,Utensilios de Limpieza,"Escobas, Mopas y Recogedores",https://static.carrefour.es/hd_510x_/img_pim_food/810892_00_1.jpg
https://www.carrefour.es/supermercado/pasta-de-sesamo-tahina-sawors-300-g/R-VC4AECOMM-486064/p,Pasta de sésamo Tahina Sawor's 300 g.,"5,15 €",,"17,17 €/kg",,La Despensa,Alimentación,Salsas y Tomate Frito,https://static.carrefour.es/hd_510x_/img_pim_food/486064_00_1.jpg
https://www.carrefour.es/supermercado/pechuga-de-pavo-en-lonchas-el-pozo-sin-gluten-200-g/R-VC4AECOMM-710119/p,Pechuga de pavo en lonchas El Pozo sin gluten 200 g,"3,05 €",,"15,25 €/kg",,Productos Frescos,Charcutería,Fiambre de Pavo y Pollo,https://static.carrefour.es/hd_510x_/img_pim_food/710119_00_1.jpg
https://www.carrefour.es/supermercado/sopa-juliana-carrefour-el-mercado-400-g/R-692704306/p,Sopa Juliana Carrefour El Mercado 400 g,"1,89 €",,"4,72 €/kg",,Productos Frescos,Verduras y hortalizas,Ensaladas y Verduras Preparadas,https://static.carrefour.es/hd_510x_/img_pim_food/086433_00_1.jpg
https://www.carrefour.es/supermercado/leche-infantil-de-continuacion-desde-6-meses-en-polvo-nestle-nativa-2-pack-de-2-unidades-de-600-g/R-VC4AECOMM-355552/p,Leche infantil de continuación desde 6 meses en polvo Nestlé Nativa 2 pack de 2 unidades de 600 g.,"17,19 €",,"14,33 €/kg",,Bebé,Alimentación infantil,Leches Infantiles,https://static.carrefour.es/hd_510x_/img_pim_food/355552_00_1.jpg
https://www.carrefour.es/supermercado/espirales-multivegetales-gallo-nature-400-g/R-prod670017/p,Espirales multivegetales Gallo Nature 400 g.,"2,29 €",,"5,72 €/kg",,La Despensa,Alimentación,Pastas,https://static.carrefour.es/hd_510x_/img_pim_food/845099_00_1.jpg
https://www.carrefour.es/supermercado/vinagre-balsamico-de-modena-carandini-500-ml/R-828238232/p,Vinagre balsámico de módena Carandini 500 ml.,"2,25 €",,"4,50 €/l",,La Despensa,Alimentación,Aceites y vinagres,https://static.carrefour.es/hd_510x_/img_pim_food/962547_00_1.jpg
https://www.carrefour.es/supermercado/crepes-rellenos-de-chocolate-carrefour-classic-256-g/R-546501822/p,Crepes rellenos de chocolate Carrefour Classic' 256 g.,"1,93 €",,"7,54 €/kg",,La Despensa,"Panaderia, Bollería y Pastelería",Bollería,https://static.carrefour.es/hd_510x_/img_pim_food/236289_00_1.jpg
https://www.carrefour.es/supermercado/queso-sandwich-en-lonchas-tranchettes-160-g/R-VC4AECOMM-249463/p,Queso sándwich en lonchas Tranchettes 160 g.,"2,50 €",,"15,62 €/kg",,Productos Frescos,Quesos,Todos los Quesos,https://static.carrefour.es/hd_510x_/img_pim_food/249463_00_1.jpg
https://www.carrefour.es/supermercado/leche-infantil-de-crecimiento-desde-los-12-meses-en-polvo-nestle-nan-supreme-pro-3-lata-800-g/R-prod1170147/p,Leche infantil de crecimiento desde los 12 meses en polvo Nestlé Nan Supreme Pro 3 lata 800 g.,"26,00 €",,"32,50 €/kg",,Bebé,Alimentación infantil,Leches Infantiles,https://static.carrefour.es/hd_510x_/img_pim_food/216134_00_1.jpg
https://www.carrefour.es/supermercado/pizza-bolonesa-ristorante-dr-oetker-375-g/R-674401710/p,Pizza boloñesa Ristorante Dr. Oetker 375 g,"3,89 €",,"10,37 €/kg",,Congelados,Pizzas Congeladas,,https://static.carrefour.es/hd_510x_/img_pim_food/014368_00_1.jpg
https://www.carrefour.es/supermercado/dentifrico-junior-1-6-anos-con-fluor-para-dientes-de-leche-sabor-fresa-suave-licor-del-polo-50-ml/R-597301489/p,Dentífrico junior 1 - 6 años con flúor para dientes de leche sabor fresa suave Licor del Polo 50 ml.,"2,45 €",,"4,90 €/100ml",,Perfumería e Higiene,Boca y Sonrisa,Dentífricos,https://static.carrefour.es/hd_510x_/img_pim_food/001360_00_1.jpg
https://www.carrefour.es/supermercado/te-al-limon-soluble-pompadour-bote-400-g/R-VC4AECOMM-353482/p,Té al limón soluble Pompadour bote 400 g.,"5,29 €",,"13,22 €/kg",,La Despensa,Desayuno,Infusiones y Tés,https://static.carrefour.es/hd_510x_/img_pim_food/353482_00_1.jpg
https://www.carrefour.es/supermercado/pizza-prosciutto-formaggi-la-mia-grande-dr-oetker-400-g/R-VC4AECOMM-449133/p,Pizza prosciutto formaggi La Mia Grande Dr. Oetker 400 g.,"5,89 €",,"14,72 €/kg",,Congelados,Pizzas Congeladas,,https://static.carrefour.es/hd_510x_/img_pim_food/449133_00_1.jpg
https://www.carrefour.es/supermercado/leche-entera-central-lechera-asturiana-sin-lactosa-brik-1-l/R-prod150291/p,Leche entera Central Lechera Asturiana sin lactosa brik 1 l.,"1,36 €",,"1,36 €/l
- 8,16 €/6 uds.",,La Despensa,Lácteos,Leche,https://static.carrefour.es/hd_510x_/img_pim_food/231336_00_1.jpg
https://www.carrefour.es/supermercado/morcilla-casera-picante-de-matanza-pena-cruz-400-g/R-prod260656/p,Morcilla casera picante de matanza Peña Cruz 400 g,"4,25 €",,"11,81 €/kg",,Productos Frescos,Charcutería,"Chorizo, Lomo y Otros",https://static.carrefour.es/hd_510x_/img_pim_food/051193_00_1.jpg
https://www.carrefour.es/supermercado/rollitos-de-maiz-sabor-dragon-sweet-chili-takis-140-g/R-VC4AECOMM-388068/p,Rollitos de maíz sabor dragon sweet chili Takis 140 g.,"2,89 €",,"20,64 €/kg",,La Despensa,Aperitivos,Snacks,https://static.carrefour.es/hd_510x_/img_pim_food/388068_00_1.jpg
https://www.carrefour.es/supermercado/galletas-de-cereales-con-chocolate-ositos-chiquilin-artiach-160-g/R-522714307/p,Galletas de cereales con chocolate Ositos Chiquilín Artiach 160 g.,"2,45 €",,"15,31 €/kg",,La Despensa,Desayuno,Galletas,https://static.carrefour.es/hd_510x_/img_pim_food/507522_00_1.jpg
https://www.carrefour.es/supermercado/zumo-de-frutas-del-bosque-sunny-delight-blue-botella-125-l/R-prod120336/p,"Zumo de frutas del bosque Sunny Delight Blue botella 1,25 l.","1,95 €",,"1,56 €/l",,Bebidas,Aguas y Zumos,Zumos Refrigerados,https://static.carrefour.es/hd_510x_/img_pim_food/227239_00_1.jpg
https://www.carrefour.es/supermercado/melatonina-en-capsulas-pronutri-sin-gluten-30-ud/R-VC4AECOMM-475985/p,Melatonina en cápsulas Pronutri sin gluten 30 ud.,"4,45 €",,"2,72 €/kg",,La Despensa,Alimentación,Vitaminas y Complementos,https://static.carrefour.es/hd_510x_/img_pim_food/475985_00_1.jpg
https://www.carrefour.es/supermercado/mini-pizzas-de-jamon-y-queso-carrefour-270-g/R-651402222/p,Mini pizzas de jamón y queso Carrefour 270 g.,"2,65 €",,"9,81 €/kg",,Congelados,Pizzas Congeladas,,https://static.carrefour.es/hd_510x_/img_pim_food/108830_00_1.jpg
https://www.carrefour.es/supermercado/caramelos-blandos-creazy-sour-skittles-doy-pack-152-g/R-VC4AECOMM-430915/p,Caramelos blandos creazy sour Skittles doy pack 152 g.,"2,99 €",,"19,67 €/kg",,,,,https://static.carrefour.es/hd_510x_/img_pim_food/430915_00_1.jpg
https://www.carrefour.es/supermercado/crema-facial-hidratante-spf30-con-acido-hialuronico-hydrate-plump-multi-correxion-roc-50-ml/R-VC4AECOMM-016126/p,Crema facial hidratante SPF30 con ácido hialurónico Hydrate + Plump Multi Correxion RoC 50 ml.,"31,80 €",,"63,60 €/100ml",,Perfumería e Higiene,Cosmética,Rostro,https://static.carrefour.es/hd_510x_/img_pim_food/016126_00_1.jpg
https://www.carrefour.es/supermercado/calendario-de-adviento-osito-lindt-170-g/R-VC4AECOMM-084633/p,Calendario de Adviento Osito Lindt 170 g.,"9,49 €",,"55,82 €/kg",,La Despensa,Dulce,Bombones y Chocolates,https://static.carrefour.es/hd_510x_/img_pim_food/084633_00_1.jpg
https://www.carrefour.es/supermercado/taquitos-de-jamon-curado-light-sanchez-alcaraz-sin-gluten-y-sin-lactosa-100-g/R-prod1130682/p,Taquitos de Jamón Curado Light Sánchez Alcaraz sin gluten y sin lactosa 100 g,"2,15 €",,"21,50 €/kg",,Productos Frescos,Charcutería,Jamón Serrano e Ibérico Envasado,https://static.carrefour.es/hd_510x_/img_pim_food/192680_00_1.jpg
https://www.carrefour.es/supermercado/berlina-fondant-donuts-204-g/R-590204453/p,Berlina Fondant Donuts 204 g.,"3,05 €",,"14,95 €/kg",,La Despensa,"Panaderia, Bollería y Pastelería",Bollería,https://static.carrefour.es/hd_510x_/img_pim_food/153863_00_1.jpg
https://www.carrefour.es/supermercado/chocolate-relleno-de-crema-de-fresa-carrefour-classic-sin-gluten-100-g/R-VC4AECOMM-713992/p,Chocolate relleno de crema de fresa Carrefour Classic sin gluten 100 g.,"1,48 €",,"14,80 €/kg",,,,,https://static.carrefour.es/hd_510x_/img_pim_food/713992_00_1.jpg
https://www.carrefour.es/supermercado/gel-para-lavavajillas-lima-y-limon-oro-somat-pack-de-2-unidades-de-50-lavados/R-prod830436/p,Gel para lavavajillas lima y limón Oro Somat pack de 2 unidades de 50 lavados.,"18,89 €",,"0,19 €/lavado",,Limpieza y Hogar,Productos para Cocina,Lavavajillas a máquina,https://static.carrefour.es/hd_510x_/img_pim_food/340185_00_1.jpg
https://www.carrefour.es/supermercado/salsa-guacamole-suave-old-el-paso-tarro-320-g/R-521029353/p,Salsa guacamole suave Old El Paso tarro 320 g.,"3,55 €",,"11,09 €/kg",,La Despensa,Alimentación,Salsas y Tomate Frito,https://static.carrefour.es/hd_510x_/img_pim_food/556817_00_1.jpg
https://www.carrefour.es/supermercado/barritas-de-avena-y-chocolate-negro-crunchy-nature-valley-sin-lactosa-pack-de-5-unidades-de-42-g/R-prod90089/p,Barritas de avena y chocolate negro Crunchy Nature Valley sin lactosa pack de 5 unidades de 42 g.,"2,95 €",,"14,05 €/kg",,La Despensa,Desayuno,Barritas,https://static.carrefour.es/hd_510x_/img_pim_food/218865_00_1.jpg
https://www.carrefour.es/supermercado/tarrito-de-manzana-y-naranja-desde-4-meses-ecologico-smileat-sin-gluten-130-g/R-prod395523/p,Tarrito de manzana y naranja desde 4 meses ecológico Smileat sin gluten 130 g.,"1,91 €",,"14,69 €/kg",,Bebé,Alimentación infantil,"Postres, Zumos, Petit y Yogures Infantiles",https://static.carrefour.es/hd_510x_/img_pim_food/497474_00_1.jpg
https://www.carrefour.es/supermercado/toallitashuggies-natural-care-21-paquetes-168-uds/R-590204607/p,"ToallitasHuggies® Natural Care 2+1 paquetes, 168 uds","5,45 €",,"0,03 €/ud",,Bebé,Pañales y Toallitas,Toallitas,https://static.carrefour.es/hd_510x_/img_pim_food/163971_00_1.jpg
https://www.carrefour.es/supermercado/cocktail-de-picos-carrefour-el-mercado-500-g/R-604204035/p,Cocktail de picos Carrefour El Mercado 500 g,"2,79 €",,"5,58 €/kg",,La Despensa,"Panaderia, Bollería y Pastelería","Colines, picos y crakers",https://static.carrefour.es/hd_510x_/img_pim_food/373588_00_1.jpg
https://www.carrefour.es/supermercado/tarrito-de-arroz-con-pollo-desde-6-meses-hero-baby-sin-gluten-pack-de-6-unidades-de-235-g/R-521033167/p,Tarrito de arroz con pollo desde 6 meses Hero Baby sin gluten pack de 6 unidades de 235 g.,"10,89 €",,"7,72 €/kg",,Bebé,Alimentación infantil,Tarritos y Platos Preparados,https://static.carrefour.es/hd_510x_/img_pim_food/667616_00_1.jpg
https://www.carrefour.es/supermercado/postre-lacteo-al-chocolate-nestle-sin-gluten-pack-de-4-unidades-de-125-g/R-521029428/p,Postre lácteo al chocolate Nestlé sin gluten pack de 4 unidades de 125 g.,"2,15 €",,"4,30 €/kg",,La Despensa,Yogures y Postres,"Natillas, Cremas y Copas",https://static.carrefour.es/hd_510x_/img_pim_food/046085_00_1.jpg
https://www.carrefour.es/supermercado/salchicha-frankfrut-doble-de-leche-campofrio-sin-lactosa-140-g/R-VC4AECOMM-388222/p,Salchicha Frankfrut doble de leche Campofrío sin lactosa 140 g.,"1,41 €",,"10,07 €/kg",,Productos Frescos,Charcutería,Salchichas,https://static.carrefour.es/hd_510x_/img_pim_food/388222_00_1.jpg
https://www.carrefour.es/supermercado/bijoux-100-integral-1-ud/R-VC4AECOMM-651678/p,Bijoux 100% Integral 1 ud.,"0,24 €",,"0,40 €/kg",,Productos Frescos,Panadería Tradicional,Pan Tradicional,https://static.carrefour.es/hd_510x_/img_pim_food/651678_00_1.jpg
https://www.carrefour.es/supermercado/enjuague-bucal-sensitive-0-alcohol-carrefour-soft-500-ml/R-VC4AECOMM-613062/p,Enjuague bucal sensitive 0% alcohol Carrefour Soft 500 ml.,"1,99 €",,"0,40 €/100ml",,Perfumería e Higiene,Boca y Sonrisa,Enjuagues Bucales,https://static.carrefour.es/hd_510x_/img_pim_food/613062_00_1.jpg
https://www.carrefour.es/supermercado/queso-de-oveja-vieja-con-pedro-ximenez-carrefour-extra-cuna-de-200-g/R-VC4AECOMM-680527/p,Queso de oveja vieja con Pedro Ximénez Carrefour Extra cuña de 200 g,"6,19 €",,"30,95 €/kg",,Productos Frescos,Quesos,Todos los Quesos,https://static.carrefour.es/hd_510x_/img_pim_food/680527_00_1.jpg
https://www.carrefour.es/supermercado/sobrecostillas-de-wagyu-275-g/R-prod63183/p,Sobrecostillas de Wagyu 275 g,"22,50 €",,"22,50 €/ud",,Productos Frescos,Carnicería,Vacuno,https://static.carrefour.es/hd_510x_/img_pim_food/886150_00_1.jpg
https://www.carrefour.es/supermercado/magnesio-potasio-en-comprimidos-efervescentes-aquilea-14-comprimidos/R-590505756/p,Magnesio + Potasio en comprimidos efervescentes Aquilea 14 comprimidos.,"6,49 €",,"7,73 €/100g",,Parafarmacia,Nutrición y Dietética,Complementos Vitamínicos,https://static.carrefour.es/hd_510x_/img_pim_food/299980_00_1.jpg
https://www.carrefour.es/supermercado/pimiento-italiano-carrefour-simply-2-kg/R-VC4AECOMM-138174/p,Pimiento italiano Carrefour Simply 2 kg,"4,12 €",,"2,06 €/kg",,Productos Frescos,Verduras y hortalizas,Tomates y Pepinos,https://static.carrefour.es/hd_510x_/img_pim_food/138174_00_1.jpg
https://www.carrefour.es/supermercado/harina-de-trigo-de-fuerza-original-carrefour-1-kg/R-VC4AECOMM-034420/p,Harina de trigo de fuerza Original Carrefour 1 kg.,"1,15 €",,"1,15 €/kg",,La Despensa,Alimentación,Harinas y Levaduras,https://static.carrefour.es/hd_510x_/img_pim_food/034420_00_1.jpg
https://www.carrefour.es/supermercado/patatas-en-dados-carrefour-450-g/R-805726789/p,Patatas en dados Carrefour 450 g.,"1,30 €",,"2,89 €/kg",,Congelados,Salteados Congelados,,https://static.carrefour.es/hd_510x_/img_pim_food/924573_00_1.jpg
https://www.carrefour.es/supermercado/helado-pirulo-fantasmikos-nestle-sin-gluten-15-ud/R-521035325/p,Helado Pirulo Fantasmikos Nestlé sin gluten 15 ud.,"5,39 €",,"0,36 €/ud",,Congelados,Helados,Polos,https://static.carrefour.es/hd_510x_/img_pim_food/641811_00_1.jpg
https://www.carrefour.es/supermercado/pistachos-tostados-y-saldaos-classic-carrefour-400-g/R-625334196/p,Pistachos tostados y saldaos Classic Carrefour 400 g.,"5,05 €",,"12,62 €/kg",,La Despensa,Aperitivos,Frutos Secos,https://static.carrefour.es/hd_510x_/img_pim_food/800949_00_1.jpg
https://www.carrefour.es/supermercado/detergente-lliquido-original-ariel-80-lavados/R-VC4AECOMM-496299/p,Detergente lliquido original Ariel 80 lavados.,"29,70 €",,"0,37 €/lavado",,Limpieza y Hogar,Cuidado de la Ropa,Detergentes,https://static.carrefour.es/hd_510x_/img_pim_food/496299_00_1.jpg
https://www.carrefour.es/supermercado/queso-feta-dpo-dodoni-sin-lactosa-150-g/R-VC4AECOMM-302569/p,Queso feta D.P.O. Dodoni sin lactosa 150 g.,"4,27 €",,"28,47 €/kg",,Productos Frescos,Quesos,Todos los Quesos,https://static.carrefour.es/hd_510x_/img_pim_food/302569_00_1.jpg
https://www.carrefour.es/supermercado/barritas-de-chocolate-blanco-y-cereales-bicentury-120-g/R-823507445/p,Barritas de chocolate blanco y cereales Bicentury 120 g.,"3,65 €",,"30,42 €/kg",,La Despensa,Desayuno,Barritas,https://static.carrefour.es/hd_510x_/img_pim_food/958133_00_1.jpg
https://www.carrefour.es/supermercado/bogavante-procedente-de-pesca-sostenible-crudo-congelado-carrefour-400-g/R-VC4AECOMM-562115/p,Bogavante procedente de Pesca Sostenible crudo congelado Carrefour 400 g.,"17,89 €",,"44,72 €/kg",,Congelados,Pescados Congelados,,https://static.carrefour.es/hd_510x_/img_pim_food/562115_00_1.jpg
https://www.carrefour.es/supermercado/cocktail-de-frutos-secos-con-olivas-sensation-carrefour-doy-pack-200-g/R-VC4AECOMM-197066/p,Cocktail de frutos secos con olivas Sensation Carrefour doy pack 200 g.,"3,15 €",,"15,75 €/kg",,La Despensa,Aperitivos,Frutos Secos,https://static.carrefour.es/hd_510x_/img_pim_food/197066_00_1.jpg
https://www.carrefour.es/supermercado/goma-de-pelo-multicolor-ponette-6-ud/R-prod850152/p,Goma de pelo multicolor Ponette 6 ud.,"1,13 €",,"0,19 €/ud",,Perfumería e Higiene,Cabello,"Cepillos, Peines y Accesorios",https://static.carrefour.es/hd_510x_/img_pim_food/374520_00_1.jpg
https://www.carrefour.es/supermercado/coca-cola-zero-azucar-pack-4-botellas-2-l/R-521015966/p,Coca Cola zero azúcar pack 4 botellas 2 l.,"7,68 €",,"0,96 €/l",,Bebidas,Refrescos,Colas,https://static.carrefour.es/hd_510x_/img_pim_food/697623_00_1.jpg
https://www.carrefour.es/supermercado/patatas-fritas-sabor-ajillo-vicente-vidal-sin-gluten-pack-de-2-unidades-de-125-g/R-VC4AECOMM-526692/p,Patatas fritas sabor ajillo Vicente Vidal sin gluten pack de 2 unidades de 125 g.,"3,09 €",,"12,36 €/kg",,La Despensa,Aperitivos,Patatas Fritas,https://static.carrefour.es/hd_510x_/img_pim_food/526692_00_1.jpg
https://www.carrefour.es/supermercado/cafe-capsulas-espresso-lavazza-compatible-con-nespresso-30-ud/R-VC4AECOMM-077282/p,Café cápsulas espresso Lavazza compatible con Nespresso 30 ud.,"13,45 €",,"78,65 €/kg",,La Despensa,Desayuno,Cafés,https://static.carrefour.es/hd_510x_/img_pim_food/077282_00_1.jpg
https://www.carrefour.es/supermercado/preparado-para-hacer-pastel-sabor-limon-en-polvo-royal-103-g/R-521004438/p,Preparado para hacer pastel sabor limón en polvo Royal 103 g.,"1,86 €",,"18,06 €/kg",,La Despensa,Dulce,Repostería,https://static.carrefour.es/hd_510x_/img_pim_food/002032_00_1.jpg
https://www.carrefour.es/supermercado/pizza-rulo-de-queso-de-cabra-ecologica-carrefour-bio-360-g/R-609801252/p,Pizza rulo de queso de cabra ecológica Carrefour Bio 360 g.,"6,59 €",,"18,31 €/kg",,Congelados,Pizzas Congeladas,,https://static.carrefour.es/hd_510x_/img_pim_food/399291_00_1.jpg
https://www.carrefour.es/supermercado/harina-integral-de-trigo-classic-carrefour-1-kg/R-VC4AECOMM-034554/p,Harina integral de trigo Classic Carrefour 1 kg.,"1,09 €",,"1,09 €/kg",,La Despensa,Alimentación,Harinas y Levaduras,https://static.carrefour.es/hd_510x_/img_pim_food/034554_00_1.jpg
https://www.carrefour.es/supermercado/colines-saladitos-carrefour-250-g/R-fprod1360295/p,Colines saladitos Carrefour 250 g.,"1,25 €",,"5,00 €/kg",,La Despensa,"Panaderia, Bollería y Pastelería","Colines, picos y crakers",https://static.carrefour.es/hd_510x_/img_pim_food/342027_00_1.jpg
https://www.carrefour.es/supermercado/vitakraft-rings-alfafa-para-roedores-300g/R-553703604/p,Vitakraft Rings Alfafa para Roedores 300g,"2,09 €",,"6,97 €/kg",,Mascotas,Conejos y roedores,Pienso para conejos y rodeores,https://static.carrefour.es/hd_510x_/img_pim_food/407049_00_1.jpg
https://www.carrefour.es/supermercado/champu-uso-frecuente-pilexil-300-ml/R-729701848/p,Champú uso frecuente Pilexil 300 ml.,"10,75 €",,"3,58 €/100ml",,Parafarmacia,Cabello,Otros Champús de Tratamiento,https://static.carrefour.es/hd_510x_/img_pim_food/678183_00_1.jpg
https://www.carrefour.es/supermercado/queso-fundido-con-sticks-de-pan-la-vaca-que-rie-pack-de-8-unidades-de-35-g/R-766003217/p,Queso fundido con sticks de pan La Vaca Que Ríe pack de 8 unidades de 35 g.,"4,89 €",,"17,46 €/kg",,Productos Frescos,Quesos,Crema de queso,https://static.carrefour.es/hd_510x_/img_pim_food/439481_00_1.jpg
https://www.carrefour.es/supermercado/colas-de-langostino-al-ajillo-aguinamar-105-g/R-533001742/p,Colas de langostino al ajillo Aguinamar 105 g,"3,49 €",,"33,24 €/kg",,Productos Frescos,Pescadería,Surimi y Elaborados,https://static.carrefour.es/hd_510x_/img_pim_food/114810_00_1.jpg
https://www.carrefour.es/supermercado/pan-tostado-85-integral-sesamo-y-lino-recondo-sin-sal-y-sin-azucar-anadido-540-g/R-VC4AECOMM-233313/p,Pan tostado 85% integral sésamo y lino Recondo sin sal y sin azúcar añadido 540 g.,"4,49 €",,"8,31 €/kg",,La Despensa,"Panaderia, Bollería y Pastelería","Pan tostado, Biscottes y Barritas",https://static.carrefour.es/hd_510x_/img_pim_food/233313_00_1.jpg
https://www.carrefour.es/supermercado/salsa-de-mostaza-y-eneldo-extra-carrefour-sin-gluten-200-g/R-VC4AECOMM-469214/p,Salsa de mostaza y eneldo Extra Carrefour sin gluten 200 g.,"2,15 €",,"10,75 €/kg",,La Despensa,Alimentación,Salsas y Tomate Frito,https://static.carrefour.es/hd_510x_/img_pim_food/469214_00_1.jpg
https://www.carrefour.es/supermercado/infusion-ansiemin-en-bolsitas-pompadour-20-ud/R-VC4AECOMM-543626/p,Infusión ansiemin en bolsitas Pompadour 20 ud.,"3,15 €",,"63,00 €/kg",,La Despensa,Desayuno,Infusiones y Tés,https://static.carrefour.es/hd_510x_/img_pim_food/543626_00_1.jpg
https://www.carrefour.es/supermercado/nectar-de-pina-granini-botella-15-l/R-520660898/p,"Néctar de piña Granini botella 1,5 l.","3,99 €",,"2,66 €/l",,Bebidas,Aguas y Zumos,Zumos no Refrigerados,https://static.carrefour.es/hd_510x_/img_pim_food/641822_00_1.jpg
https://www.carrefour.es/supermercado/agua-mineral-font-vella-levite-con-zumo-de-pina-125-l/R-796400299/p,"Agua mineral Font Vella Levité con zumo de piña 1,25 l.","1,94 €",,"1,55 €/l",,Bebidas,Aguas y Zumos,Agua con sabor,https://static.carrefour.es/hd_510x_/img_pim_food/895559_00_1.jpg
https://www.carrefour.es/supermercado/acondicionador-protector-para-el-pelo-tenido-color-vive-elvive-loreal-paris-300-ml/R-prod820339/p,Acondicionador protector para el pelo teñido Color Vive Elvive L'Oréal Paris 300 ml.,"4,20 €",,"1,40 €/100ml",,Perfumería e Higiene,Cabello,Acondicionadores,https://static.carrefour.es/hd_510x_/img_pim_food/268097_00_1.jpg
https://www.carrefour.es/supermercado/desodorante-roll-on-eficacia-24h-con-hibisco-ecologico-carrefour-soft-bio-50-ml/R-VC4AECOMM-668836/p,Desodorante roll-on eficacia 24h con hibisco ecológico Carrefour Soft Bio 50 ml.,"1,99 €",,"3,98 €/100ml",,Perfumería e Higiene,Baño e Higiene Corporal,Desodorantes,https://static.carrefour.es/hd_510x_/img_pim_food/668836_00_1.jpg
https://www.carrefour.es/supermercado/helado-toblerone-480-ml/R-VC4AECOMM-724169/p,Helado Toblerone 480 ml.,"5,45 €",,"17,75 €/kg",,Congelados,Helados,Tarrinas,https://static.carrefour.es/hd_510x_/img_pim_food/724169_00_1.jpg
https://www.carrefour.es/supermercado/aceite-de-girasol-koipe-sol-5-l/R-546003779/p,Aceite de girasol Koipe Sol 5 l.,"9,15 €",,"1,83 €/l",,La Despensa,Alimentación,Aceites y vinagres,https://static.carrefour.es/hd_510x_/img_pim_food/218021_00_1.jpg
https://www.carrefour.es/supermercado/alubia-cocida-sin-sal-anadida-ecologica-carrefour-bio-400-g/R-fprod1490025/p,Alubia cocida sin sal añadida ecológica Carrefour Bio 400 g.,"2,69 €",,"6,72 €/kg",,La Despensa,Alimentación,Legumbres,https://static.carrefour.es/hd_510x_/img_pim_food/415548_00_1.jpg
https://www.carrefour.es/supermercado/longaniza-extra-loncheada-exentis-90-g/R-840600633/p,Longaniza extra loncheada Exentis 90 g,"3,19 €",,"35,44 €/kg",,Productos Frescos,Charcutería,"Salchichón, Salami y Fuet",https://static.carrefour.es/hd_510x_/img_pim_food/768412_00_1.jpg
https://www.carrefour.es/supermercado/limpiahogar-polvo-vim-clorex-750-g/R-540201688/p,Limpiahogar polvo Vim Clorex 750 g.,"2,05 €",,"2,73 €/kg",,Limpieza y Hogar,Productos para toda la casa,Limpiacristales y Multiusos,https://static.carrefour.es/hd_510x_/img_pim_food/000661_00_1.jpg
https://www.carrefour.es/supermercado/galletas-mini-wafers-milka-110-gr/R-VC4AECOMM-172763/p,Galletas mini wafers Milka 110 gr.,"2,15 €",,"19,55 €/kg",,La Despensa,Desayuno,Galletas,https://static.carrefour.es/hd_510x_/img_pim_food/172763_00_1.jpg
https://www.carrefour.es/supermercado/galletas-de-mantequilla-ecologicas-carrefour-bio-167-g/R-858200344/p,Galletas de mantequilla ecológicas Carrefour Bio 167 g.,"1,93 €",,"11,56 €/kg",,La Despensa,Desayuno,Galletas,https://static.carrefour.es/hd_510x_/img_pim_food/108353_00_1.jpg
https://www.carrefour.es/supermercado/tarrina-sundae-marshmellow-more-ben-jerrys-427-ml/R-VC4AECOMM-328746/p,Tarrina Sundae Marshmellow & More Ben & Jerry's 427 ml.,"7,79 €",,"24,65 €/kg",,Congelados,Helados,Tarrinas,https://static.carrefour.es/hd_510x_/img_pim_food/328746_00_1.jpg
https://www.carrefour.es/supermercado/leche-fermentada-liquida-sabor-fresa-danone-actimel-kids-pack-de-14-unidades-de-100-g/R-521029675/p,Leche fermentada líquida sabor fresa Danone - Actimel kids pack de 14 unidades de 100 g.,"6,99 €",,"4,99 €/kg",,La Despensa,Yogures y Postres,Yogures Líquidos,https://static.carrefour.es/hd_510x_/img_pim_food/637570_00_1.jpg
https://www.carrefour.es/supermercado/maquinilla-proglide-power-gillette-1-ud/R-VC4AECOMM-629194/p,Maquinilla ProGlide Power Gillette 1 ud.,"17,39 €",,"17,39 €/ud",,Perfumería e Higiene,Depilación y Afeitado,Maquinillas y Recambios,https://static.carrefour.es/hd_510x_/img_pim_food/629194_00_1.jpg
https://www.carrefour.es/supermercado/pan-de-molde-sin-corteza-ecologico-khorasan-kamut-panpiuma-artebianca-300-g/R-prod971671/p,Pan de molde sin corteza ecológico Khorasan Kamut PanPiuma Artebianca 300 g.,"4,39 €",,"14,63 €/kg",,La Despensa,"Panaderia, Bollería y Pastelería",Pan de Molde,https://static.carrefour.es/hd_510x_/img_pim_food/068590_00_1.jpg
https://www.carrefour.es/supermercado/pechuga-de-pollo-cryspy-chicken-mexicana-fripozo-230-g/R-VC4AECOMM-362441/p,Pechuga de pollo Cryspy Chicken Mexicana Fripozo 230 g.,"3,75 €",,"16,30 €/kg",,Congelados,Rebozados y Platos Preparados,,https://static.carrefour.es/hd_510x_/img_pim_food/362441_00_1.jpg
https://www.carrefour.es/supermercado/tarrito-de-guisantes-con-jamon-desde-6-meses-ecologico-carrefour-baby-bio-200-g/R-VC4AECOMM-432831/p,Tarrito de guisantes con jamón desde 6 meses ecológico Carrefour Baby Bio 200 g,"1,42 €",,"7,10 €/kg",,Bebé,Alimentación infantil,Tarritos y Platos Preparados,https://static.carrefour.es/hd_510x_/img_pim_food/432831_00_1.jpg
https://www.carrefour.es/supermercado/pasta-elicoidale-garofalo-500-g/R-814300423/p,Pasta elicoidale Garofalo 500 g.,"1,84 €",,"3,68 €/kg",,La Despensa,Alimentación,Pastas,https://static.carrefour.es/hd_510x_/img_pim_food/937006_00_1.jpg
https://www.carrefour.es/supermercado/salsa-barbacoa-heinz-envase-400-ml/R-809710847/p,Salsa barbacoa Heinz envase 400 ml.,"3,75 €",,"9,37 €/l",,La Despensa,Alimentación,Salsas y Tomate Frito,https://static.carrefour.es/hd_510x_/img_pim_food/927492_00_1.jpg
https://www.carrefour.es/supermercado/panecillo-51-integral-carrefour-5-ud/R-837617109/p,Panecillo 51% integral Carrefour 5 ud,"1,39 €",,"0,28 €/ud",,Productos Frescos,Panadería Tradicional,Pan Tradicional,https://static.carrefour.es/hd_510x_/img_pim_food/699135_00_1.jpg
https://www.carrefour.es/supermercado/activador-biologico-para-fosas-septicas-carrefour-expert-300-g/R-636602546/p,Activador biológico para fosas sépticas Carrefour Expert 300 g.,"6,25 €",,"20,83 €/kg",,Limpieza y Hogar,Productos para Baño,WC,https://static.carrefour.es/hd_510x_/img_pim_food/811214_00_1.jpg
https://www.carrefour.es/supermercado/mini-huevos-de-chocolate-con-leche-classic-carrefour-doy-pack-200-g/R-VC4AECOMM-483573/p,Mini huevos de chocolate con leche Classic Carrefour doy pack 200 g.,"3,95 €",,"19,75 €/kg",,La Despensa,Dulce,Bombones y Chocolates,https://static.carrefour.es/hd_510x_/img_pim_food/483573_00_1.jpg
https://www.carrefour.es/supermercado/atun-en-aceite-de-oliva-carreofur-pack-de-3-unidades-de-52-g/R-VC4AECOMM-563131/p,Atún en aceite de oliva Carreofur pack de 3 unidades de 52 g.,"3,65 €",,"23,40 €/kg",,La Despensa,"Conservas, Sopas y Precocinados",Conservas de Pescado y Marisco,https://static.carrefour.es/hd_510x_/img_pim_food/563131_00_1.jpg
https://www.carrefour.es/supermercado/preparado-vegano-elaborado-de-anacardos-fermentados-hi-vegs-by-mommus-sin-gluten-135-g/R-VC4AECOMM-462635/p,Preparado vegano elaborado de anacardos fermentados Hi Vegs! by Mommus sin gluten 135 g.,"5,46 €",,"40,44 €/kg",,Productos Frescos,Quesos,Todos los Quesos,https://static.carrefour.es/hd_510x_/img_pim_food/462635_00_1.jpg
https://www.carrefour.es/supermercado/helado-de-chocolate-con-pepitas-chocolate-belga-sensation-carrefour-sin-gluten-500-ml/R-VC4AECOMM-161537/p,Helado de chocolate con pepitas chocolate belga Sensation Carrefour sin gluten 500 ml.,"2,65 €",,"8,83 €/kg",,Congelados,Helados,Tarrinas,https://static.carrefour.es/hd_510x_/img_pim_food/161537_00_1.jpg
https://www.carrefour.es/supermercado/cafe-sontuoso-en-capsulas-lor-espresso-compatible-con-nespresso-20-unidades-de-52-g/R-prod870636/p,"Café sontuoso en cápsulas L'Or Espresso compatible con Nespresso 20 unidades de 5,2 g.","7,69 €",,"73,94 €/kg",,La Despensa,Desayuno,Cafés,https://static.carrefour.es/hd_510x_/img_pim_food/010696_00_1.jpg
https://www.carrefour.es/supermercado/tinto-de-verano-clasico-sin-alcohol-don-simon-botella-15-l/R-527018081/p,"Tinto de verano clásico sin alcohol Don Simón botella 1,5 l.","1,40 €",,"0,93 €/l",,Bebidas,Vinos,Sangría y Tinto de Verano,https://static.carrefour.es/hd_510x_/img_pim_food/243222_00_1.jpg
https://www.carrefour.es/supermercado/gel-de-afeitado-hidratante-con-manteca-de-cacao-series-gillette-200-ml/R-VC4AECOMM-725166/p,Gel de afeitado hidratante con manteca de cacao Series Gillette 200 ml.,"4,45 €",,"2,22 €/100ml",,Perfumería e Higiene,Depilación y Afeitado,Afeitado,https://static.carrefour.es/hd_510x_/img_pim_food/725166_00_1.jpg
https://www.carrefour.es/supermercado/salsa-cheddar-con-bacon-orlando-envase-245-g/R-prod460501/p,Salsa cheddar con bacon Orlando envase 245 g.,"2,35 €",,"9,59 €/kg",,La Despensa,Alimentación,Salsas y Tomate Frito,https://static.carrefour.es/hd_510x_/img_pim_food/827392_00_1.jpg
https://www.carrefour.es/supermercado/migas-manchegas-carrefour-200-g/R-fprod1280760/p,Migas manchegas Carrefour 200 g,"1,90 €",,"1,90 €/ud",,Productos Frescos,Platos Preparados Cocinados,Platos de Carne y Pescado,https://static.carrefour.es/hd_510x_/img_pim_food/681003_00_1.jpg
https://www.carrefour.es/supermercado/preservativos-placer-prolongado-con-efecto-retardante-eyaculacion-durex-12-ud/R-VC4AECOMM-487673/p,Preservativos placer prolongado con efecto retardante eyaculación Durex 12 ud.,"14,69 €",,"1,22 €/ud",,Perfumería e Higiene,Bienestar Sexual,Preservativos,https://static.carrefour.es/hd_510x_/img_pim_food/487673_00_1.jpg
https://www.carrefour.es/supermercado/tinte-creme-gloss-n-426-castano-rojizo-loreal-casting-1-ud/R-798020892/p,Tinte Créme Gloss nº 426 Castaño rojizo L'Oréal Casting 1 ud.,"5,99 €",,"5,99 €/ud",,Perfumería e Higiene,Cabello,Tinte,https://static.carrefour.es/hd_510x_/img_pim_food/796545_00_1.jpg
https://www.carrefour.es/supermercado/mejillon-en-escabeche-13-18-classic-carrefour-69-g/R-679301678/p,Mejillón en escabeche 13/18 Classic Carrefour 69 g.,"1,63 €",,"23,62 €/kg",,La Despensa,"Conservas, Sopas y Precocinados",Conservas de Pescado y Marisco,https://static.carrefour.es/hd_510x_/img_pim_food/039384_00_1.jpg
https://www.carrefour.es/supermercado/crema-facial-botox-difumina-las-arrugas-babaria-50-ml/R-VC4AECOMM-375446/p,Crema facial botox difumina las arrugas Babaria 50 ml.,"6,89 €",,"13,78 €/100ml",,Perfumería e Higiene,Cuidado y Protección Corporal,Piel,https://static.carrefour.es/hd_510x_/img_pim_food/375446_00_1.jpg
https://www.carrefour.es/supermercado/sazonador-para-fajitas-sensation-carrefour-30-g/R-VC4AECOMM-696575/p,Sazonador para fajitas Sensation Carrefour 30 g.,"1,13 €",,"37,67 €/kg",,La Despensa,Alimentación,Especias y Sazonadores,https://static.carrefour.es/hd_510x_/img_pim_food/696575_00_1.jpg
https://www.carrefour.es/supermercado/caldo-de-pollo-calnort-sin-gluten-12-pastillas/R-730118445/p,Caldo de pollo Calnort sin gluten 12 pastillas,"0,47 €",,"3,92 €/kg",,La Despensa,"Conservas, Sopas y Precocinados","Caldos, Sopas y Pure",https://static.carrefour.es/hd_510x_/img_pim_food/312157_00_1.jpg
https://www.carrefour.es/supermercado/cafe-ristretto-descafeinado-en-capsulas-lor-espresso-compatible-con-nespresso-20-unidades-de-52-g/R-prod160176/p,"Café ristretto descafeinado en cápsulas L'Or Espresso compatible con Nespresso 20 unidades de 5,2 g.","7,69 €",,"73,94 €/kg",,,,,https://static.carrefour.es/hd_510x_/img_pim_food/234798_00_1.jpg
https://www.carrefour.es/supermercado/champu-con-aceites-de-argan-y-macadamia-para-pelo-seco-danado-carrefour-soft-400-ml/R-VC4AECOMM-503043/p,Champú con aceites de argán y macadamia para pelo seco dañado Carrefour Soft 400 ml.,"2,05 €",,"0,51 €/100ml",,Perfumería e Higiene,Cabello,Champús,https://static.carrefour.es/hd_510x_/img_pim_food/503043_00_1.jpg
https://www.carrefour.es/supermercado/bolsas-de-basura-perfumada-100-reciclado-handy-bag-30l-15-ud/R-VC4AECOMM-800896/p,Bolsas de Basura Perfumada 100% Reciclado HANDY BAG 30L 15 ud,"4,39 €",,"0,29 €/ud",,Limpieza y Hogar,Utensilios de Limpieza,Bolsas de Basura,https://static.carrefour.es/hd_510x_/img_pim_food/800896_00_1.jpg
https://www.carrefour.es/supermercado/queso-mozzarella-en-lonchas-carrefour-200-g/R-521030724/p,Queso mozzarella en lonchas Carrefour 200 g.,"1,73 €",,"8,65 €/kg",,Productos Frescos,Quesos,Tierno,https://static.carrefour.es/hd_510x_/img_pim_food/695564_00_1.jpg
https://www.carrefour.es/supermercado/la-casera-de-limon-zero-azucares-anadidos-pack-de-2-botellas-de-15-l/R-690302026/p,"La Casera de limón zero azucares añadidos pack de 2 botellas de 1,5 l.","1,78 €",,"0,59 €/l",,Bebidas,Refrescos,Sabores con Gas,https://static.carrefour.es/hd_510x_/img_pim_food/081793_00_1.jpg
https://www.carrefour.es/supermercado/preparado-de-marisco-para-paella-congelado-carrefour-400-g/R-prod1130608/p,Preparado de marisco para paella congelado Carrefour 400 g.,"2,35 €",,"5,87 €/kg",,Productos Frescos,Pescadería,Preparados y elaborados de Pescado y Marisco,https://static.carrefour.es/hd_510x_/img_pim_food/189112_00_1.jpg
https://www.carrefour.es/supermercado/galletas-marielu-fontaneda-550-g/R-521014402/p,Galletas MarieLu Fontaneda 550 g.,"4,35 €",,"7,91 €/kg",,La Despensa,Desayuno,Galletas,https://static.carrefour.es/hd_510x_/img_pim_food/491112_00_1.jpg
https://www.carrefour.es/supermercado/galletas-caramelizadas-lotus-biscoff-pack-de-3-unidades-de-125-g/R-prod1140282/p,Galletas caramelizadas Lotus Biscoff pack de 3 unidades de 125 g.,"2,75 €",,"7,33 €/kg",,La Despensa,Desayuno,Galletas,https://static.carrefour.es/hd_510x_/img_pim_food/200054_00_1.jpg
https://www.carrefour.es/supermercado/pechuga-de-pavo-fileteada-carrefour-500-g-aprox/R-prod920184/p,Pechuga de pavo fileteada Carrefour 500 g aprox,"4,49 €",,"8,99 €/kg",,Productos Frescos,Carnicería,Aves y Pollo,https://static.carrefour.es/hd_510x_/img_pim_food/039637_00_1.jpg
https://www.carrefour.es/supermercado/gambon-crudo-grande-carrefour-2-kg/R-VC4AECOMM-603256/p,Gambón crudo grande Carrefour 2 kg.,"20,70 €",,"10,35 €/kg",,Congelados,Mariscos Congelados,,https://static.carrefour.es/hd_510x_/img_pim_food/603256_00_1.jpg
https://www.carrefour.es/supermercado/chocolate-negro-74-cacao-ecologico-carrefour-bio-100-g/R-825914902/p,Chocolate negro 74% cacao ecológico Carrefour Bio 100 g.,"2,35 €",,"23,50 €/kg",,La Despensa,Dulce,Bombones y Chocolates,https://static.carrefour.es/hd_510x_/img_pim_food/960213_00_1.jpg
https://www.carrefour.es/supermercado/snack-infantil-desde-10-meses-guisantes-y-maiz-ecologico-hero-solo-sin-gluten-40-g/R-VC4AECOMM-206310/p,Snack infantil desde 10 meses guisantes y maíz ecológico Hero Solo sin gluten 40 g.,"2,69 €",,"67,25 €/kg",,Bebé,Alimentación infantil,Galletas y Snacks,https://static.carrefour.es/hd_510x_/img_pim_food/206310_00_1.jpg
https://www.carrefour.es/supermercado/pizza-quattro-formaggi-grandissima-ristorante-dr-oetker-560-g/R-VC4AECOMM-308938/p,Pizza quattro formaggi grandissima Ristorante Dr. Oetker 560 g.,"5,45 €",,"9,73 €/kg",,Congelados,Pizzas Congeladas,,https://static.carrefour.es/hd_510x_/img_pim_food/308938_00_1.jpg
https://www.carrefour.es/supermercado/bombon-helado-magnum-classic-3-ud/R-VC4AECOMM-328730/p,Bombón Helado Magnum Classic 3 ud.,"2,89 €",,"0,96 €/ud",,Congelados,Helados,Bombón Helado,https://static.carrefour.es/hd_510x_/img_pim_food/328730_00_1.jpg
https://www.carrefour.es/supermercado/galletas-chip-choco-zero-gullon-sin-azucar-125-g/R-521002769/p,Galletas chip choco Zero Gullón sin azúcar 125 g.,"2,75 €",,"22,00 €/kg",,La Despensa,Desayuno,Galletas,https://static.carrefour.es/hd_510x_/img_pim_food/455024_00_1.jpg
https://www.carrefour.es/supermercado/champu-y-acondicionador-anticaspa-menthol-fresh-hs-300-ml/R-VC4AECOMM-336868/p,Champú y acondicionador anticaspa menthol fresh H&S 300 ml.,"5,65 €",,"1,88 €/100ml",,Perfumería e Higiene,Cabello,Acondicionadores,https://static.carrefour.es/hd_510x_/img_pim_food/336868_00_1.jpg
https://www.carrefour.es/supermercado/tarrito-de-verduras-con-alubias-y-ternera-desde-6-meses-ecologico-hero-solo-sin-gluten-190-g/R-870200694/p,Tarrito de verduras con alubias y ternera desde 6 meses ecológico Hero Solo sin gluten 190 g.,"2,49 €",,"13,11 €/kg",,Bebé,Alimentación infantil,Tarritos y Platos Preparados,https://static.carrefour.es/hd_510x_/img_pim_food/178533_00_1.jpg
https://www.carrefour.es/supermercado/fuet-espetec-casademont-sin-gluten-pack-de-2-unidades-de-170-g/R-fprod1460292/p,Fuet espetec Casademont sin gluten pack de 2 unidades de 170 g,"6,09 €",,"17,91 €/kg",,Productos Frescos,Charcutería,"Salchichón, Salami y Fuet",https://static.carrefour.es/hd_510x_/img_pim_food/395784_00_1.jpg
https://www.carrefour.es/supermercado/molinillo-sazonador-5-pimientas-classic-carrefour-40-g/R-prod710287/p,Molinillo sazonador 5 pimientas Classic Carrefour 40 g.,"1,50 €",,"37,50 €/kg",,La Despensa,Alimentación,Especias y Sazonadores,https://static.carrefour.es/hd_510x_/img_pim_food/851266_00_1.jpg
https://www.carrefour.es/supermercado/bacon-en-cintas-casa-tarradellas-sin-gluten-pack-de-2-unidades-de-100-g/R-VC4AECOMM-698152/p,Bacón en cintas Casa Tarradellas sin gluten pack de 2 unidades de 100 g,"2,09 €",,"10,45 €/kg",,Productos Frescos,Charcutería,Bacon y Panceta,https://static.carrefour.es/hd_510x_/img_pim_food/698152_00_1.jpg
https://www.carrefour.es/supermercado/agua-de-colonia-soul-of-cities-unisex-00-madrid-les-cosmetiques-100-ml/R-VC4AECOMM-305928/p,Agua de colonia Soul Of Cities Unisex 00. Madrid Les Cosmétiques 100 ml.,"8,39 €",,"8,39 €/100ml",,Perfumería e Higiene,Baño e Higiene Corporal,Colonias,https://static.carrefour.es/hd_510x_/img_pim_food/305928_00_1.jpg
https://www.carrefour.es/supermercado/salinis-pretzel-schar-sin-gluten-y-sin-lactosa-60-g/R-651303611/p,Salinis pretzel Schär sin gluten y sin lactosa 60 g.,"1,50 €",,"25,00 €/kg",,La Despensa,Aperitivos,Galletas Saladas,https://static.carrefour.es/hd_510x_/img_pim_food/815225_00_1.jpg
https://www.carrefour.es/supermercado/salsa-muy-picante-valentina-envase-370-g/R-764213806/p,Salsa muy picante Valentina envase 370 g.,"3,65 €",,"9,86 €/kg",,La Despensa,Alimentación,Salsas y Tomate Frito,https://static.carrefour.es/hd_510x_/img_pim_food/772507_00_1.jpg
https://www.carrefour.es/supermercado/leche-semidesnatada-lauki-brik-1-l/R-521012942/p,Leche semidesnatada Lauki brik 1 l.,"1,14 €",,"1,14 €/l
- 6,84 €/6 uds.",,La Despensa,Lácteos,Leche,https://static.carrefour.es/hd_510x_/img_pim_food/047822_00_1.jpg
https://www.carrefour.es/supermercado/carrefour-comida-para-granivoros-1kg/R-720864266/p,Carrefour Comida para Granívoros 1Kg,"2,75 €",,"2,75 €/kg",,Mascotas,Conejos y roedores,Pienso para conejos y rodeores,https://static.carrefour.es/hd_510x_/img_pim_food/460914_00_1.jpg
https://www.carrefour.es/supermercado/agua-mineral-con-gas-carrefour-125-l/R-530014489/p,"Agua mineral con gas Carrefour 1,25 l.","0,34 €",,"0,27 €/l
- 2,04 €/6 uds.",,Bebidas,Aguas y Zumos,Agua con gas,https://static.carrefour.es/hd_510x_/img_pim_food/289186_00_1.jpg
https://www.carrefour.es/supermercado/recambios-maquinilla-venus-comfortglide-breeze-gillette-4-ud/R-VC4AECOMM-632343/p,Recambios maquinilla Venus Comfortglide Breeze Gillette 4 ud.,"11,09 €",,"2,77 €/ud",,Perfumería e Higiene,Depilación y Afeitado,Maquinillas y Recambios,https://static.carrefour.es/hd_510x_/img_pim_food/632343_00_1.jpg
https://www.carrefour.es/supermercado/sardinas-picantes-cuca-120-g/R-521006347/p,Sardinas picantes Cuca 120 g.,"2,89 €",,"34,00 €/kg",,La Despensa,"Conservas, Sopas y Precocinados",Conservas de Pescado y Marisco,https://static.carrefour.es/hd_510x_/img_pim_food/028455_00_1.jpg
https://www.carrefour.es/supermercado/tocino-de-lomo-de-cerdo-carrefour-200-g-aprox/R-782401293/p,Tocino de lomo de cerdo Carrefour 200 g aprox,"0,99 €",,"4,95 €/kg",,Productos Frescos,Carnicería,Otras carnes,https://static.carrefour.es/hd_510x_/img_pim_food/867503_00_1.jpg
https://www.carrefour.es/supermercado/aceite-de-girasol-para-freir-carrefour-garrafa-5-l/R-520661084/p,Aceite de girasol para freír Carrefour garrafa 5 l.,"6,75 €",,"1,35 €/l",,La Despensa,Alimentación,Aceites y vinagres,https://static.carrefour.es/hd_510x_/img_pim_food/277575_00_1.jpg
https://www.carrefour.es/supermercado/caramelos-sabor-miel-y-limon-halls-128-g/R-521004711/p,Caramelos sabor miel y limón Halls 128 g.,"2,45 €",,"19,14 €/kg",,,,,https://static.carrefour.es/hd_510x_/img_pim_food/001913_00_1.jpg
https://www.carrefour.es/supermercado/salteado-estilo-tradicional-ecologico-carrefour-bio-600-g/R-VC4AECOMM-598069/p,Salteado estilo tradicional ecológico Carrefour Bio 600 g.,"3,05 €",,"5,08 €/kg",,Congelados,Verduras Congeladas,,https://static.carrefour.es/hd_510x_/img_pim_food/598069_00_1.jpg
https://www.carrefour.es/supermercado/queso-de-vaca-semicurado-200-g/R-prod420090/p,Queso de vaca semicurado 200 g.,"2,25 €",,"11,25 €/kg",,Productos Frescos,Quesos,Semicurado,https://static.carrefour.es/hd_510x_/img_pim_food/822369_00_1.jpg
https://www.carrefour.es/supermercado/cerveza-1906-tipo-irish-red-ale-pack-6-botellas-33-cl/R-VC4AECOMM-595768/p,Cerveza 1906 tipo Irish Red Ale pack 6 botellas 33 cl.,"7,75 €",,"3,91 €/l",,Bebidas,Cerveza,Tostada - Roja,https://static.carrefour.es/hd_510x_/img_pim_food/595768_00_1.jpg
https://www.carrefour.es/supermercado/galletas-oceanix-tosta-rica-400-g/R-658001892/p,Galletas Oceanix Tosta-Rica 400 g.,"4,25 €",,"10,62 €/kg",,La Despensa,Desayuno,Galletas,https://static.carrefour.es/hd_510x_/img_pim_food/310491_00_1.jpg
https://www.carrefour.es/supermercado/acondicionador-intensivo-molecular-bond-repair-pro-v-miracles-pantene-150-ml/R-VC4AECOMM-312326/p,Acondicionador intensivo Molecular Bond Repair Pro-V Miracles Pantene 150 ml.,"10,09 €",,"6,73 €/100ml",,Perfumería e Higiene,Cabello,Acondicionadores,https://static.carrefour.es/hd_510x_/img_pim_food/312326_00_1.jpg
https://www.carrefour.es/supermercado/tampones-con-aplicador-super-carrefour-32-ud/R-521000526/p,Tampones con aplicador Super Carrefour 32 ud.,"3,55 €",,"0,11 €/ud",,Perfumería e Higiene,Higiene íntima,Tampones,https://static.carrefour.es/hd_510x_/img_pim_food/662550_00_1.jpg
https://www.carrefour.es/supermercado/agua-con-gas-maison-perrier-sabor-limon-50-cl/R-868700676/p,Agua con gas Maison Perrier sabor limón 50 cl,"1,13 €",,"2,26 €/l",,Bebidas,Aguas y Zumos,Agua con sabor,https://static.carrefour.es/hd_510x_/img_pim_food/172497_00_1.jpg
https://www.carrefour.es/supermercado/queso-mozzarella-italiana-carrefour-125-g/R-521030590/p,Queso mozzarella Italiana Carrefour 125 g.,"0,97 €",,"7,76 €/kg",,Productos Frescos,Quesos,Todos los Quesos,https://static.carrefour.es/hd_510x_/img_pim_food/510743_00_1.jpg
https://www.carrefour.es/supermercado/panceta-en-lonchas-ferrarini-sin-gluten-90-g/R-prod731355/p,Panceta en lonchas Ferrarini sin gluten 90 g.,"3,59 €",,"39,89 €/kg",,Productos Frescos,Charcutería,Bacon y Panceta,https://static.carrefour.es/hd_510x_/img_pim_food/856746_00_1.jpg
https://www.carrefour.es/supermercado/salchicha-de-higado-y-buey-para-perro-canibaq-1-kg/R-prod270997/p,Salchicha de hígado y buey para perro Canibaq 1 Kg.,"1,75 €",,"1,75 €/kg",,Mascotas,Perros,Pienso para perros,https://static.carrefour.es/hd_510x_/img_pim_food/299617_00_1.jpg
https://www.carrefour.es/supermercado/alas-de-pollo-adobadas-partidas-carrefour-550-g-aprox/R-VC4AECOMM-062836/p,Alas de pollo adobadas partidas Carrefour 550 g aprox,"2,32 €",,"4,65 €/kg",,Productos Frescos,Carnicería,Otras carnes,https://static.carrefour.es/hd_510x_/img_pim_food/062836_00_1.jpg
https://www.carrefour.es/supermercado/crema-sin-aclarado-capilar-nutri-rizos-contouring-para-cabello-rizado-u-ondulado-garnier-fructis-400-ml/R-prod1120104/p,Crema sin aclarado capilar Nutri Rizos Contouring para cabello rizado u ondulado Garnier-Fructis 400 ml.,"5,95 €",,"1,49 €/100ml",,Perfumería e Higiene,Cabello,Acondicionadores,https://static.carrefour.es/hd_510x_/img_pim_food/154841_00_1.jpg
https://www.carrefour.es/supermercado/cafe-soluble-descafeinado-nescafe-classic-200-g/R-521003067/p,Café soluble descafeinado Nescafé Classic 200 g.,"6,65 €",,"33,25 €/kg",,La Despensa,Desayuno,Cafés,https://static.carrefour.es/hd_510x_/img_pim_food/001724_00_1.jpg
https://www.carrefour.es/supermercado/ketchup-sabor-curry-heinz-500-ml/R-VC4AECOMM-355443/p,Ketchup sabor curry Heinz 500 ml.,"5,05 €",,"8,86 €/kg",,La Despensa,Alimentación,Salsas y Tomate Frito,https://static.carrefour.es/hd_510x_/img_pim_food/355443_00_1.jpg
https://www.carrefour.es/supermercado/toallitas-desmaquillantes-piel-mixta-efecto-detox-vitesse-mineral-25-ud/R-VC4AECOMM-738537/p,Toallitas desmaquillantes piel mixta efecto detox Vitesse Mineral 25 ud.,"2,79 €",,"0,11 €/ud",,Perfumería e Higiene,Cuidado y Protección Corporal,Limpieza Facial,https://static.carrefour.es/hd_510x_/img_pim_food/738537_00_1.jpg
https://www.carrefour.es/supermercado/maison-perrier-bebida-energetica-sabor-melocoton-bajo-en-calorias-lata-25-cl/R-VC4AECOMM-356817/p,Maison Perrier Bebida Energética sabor melocotón bajo en calorías lata 25 cl.,"1,58 €",,"6,32 €/l",,Bebidas,Refrescos,Energéticas,https://static.carrefour.es/hd_510x_/img_pim_food/356817_00_1.jpg
https://www.carrefour.es/supermercado/rulo-de-tofu-y-algas-ecologico-carrefour-bio-750-g/R-VC4AECOMM-559848/p,Rulo de tofu y algas ecológico Carrefour Bio 750 g.,"7,55 €",,"10,07 €/kg",,La Despensa,"Conservas, Sopas y Precocinados",Platos Preparados,https://static.carrefour.es/hd_510x_/img_pim_food/559848_00_1.jpg
https://www.carrefour.es/supermercado/gel-de-ducha-exfoliante-carrefour-500-ml/R-prod1070654/p,Gel de ducha exfoliante Carrefour 500 ml.,"2,89 €",,"0,58 €/100ml",,Perfumería e Higiene,Baño e Higiene Corporal,Geles de Baño,https://static.carrefour.es/hd_510x_/img_pim_food/141086_00_1.jpg
https://www.carrefour.es/supermercado/recambios-maquinilla-ingles-y-zona-intima-venus-gillette-4-ud/R-VC4AECOMM-249399/p,Recambios maquinilla ingles y zona íntima Venus Gillette 4 ud.,"16,79 €",,"16,79 €/ud",,Perfumería e Higiene,Depilación y Afeitado,Maquinillas y Recambios,https://static.carrefour.es/hd_510x_/img_pim_food/249399_00_1.jpg
https://www.carrefour.es/supermercado/galletas-cookies-carrefour-classic-sin-aceite-de-palma-200-g/R-VC4AECOMM-003357/p,Galletas cookies Carrefour Classic sin aceite de palma 200 g.,"2,29 €",,"11,45 €/kg",,La Despensa,Desayuno,Galletas,https://static.carrefour.es/hd_510x_/img_pim_food/003357_00_1.jpg
https://www.carrefour.es/supermercado/tampones-sin-aplicador-normal-ecologicos-carrefour-soft-pure-24-ud/R-682908992/p,Tampones sin aplicador normal ecológicos Carrefour Soft Pure 24 ud.,"3,39 €",,"0,14 €/ud",,Perfumería e Higiene,Higiene íntima,Tampones,https://static.carrefour.es/hd_510x_/img_pim_food/069827_00_1.jpg
https://www.carrefour.es/supermercado/traseros-de-pollo-certificado-1-kg-aprox/R-791562921/p,Traseros de pollo certificado 1 kg aprox,"4,49 €",,"4,49 €/kg",,Productos Frescos,Carnicería,Aves y Pollo,https://static.carrefour.es/hd_510x_/img_pim_food/887246_00_1.jpg
https://www.carrefour.es/supermercado/tinte-permanente-sin-amoniaco-3-10-castano-oscuro-oleo-intense-syoss-1-ud/R-prod860237/p,Tinte permanente sin amoniaco 3-10 castaño oscuro Oleo Intense SYOSS 1 ud.,"6,45 €",,"6,45 €/ud",,Perfumería e Higiene,Cabello,Tinte,https://static.carrefour.es/hd_510x_/img_pim_food/386279_00_1.jpg
https://www.carrefour.es/supermercado/cafe-molido-mezcla-creme-express-marcilla-250-g/R-521002964/p,Café molido mezcla créme express Marcilla 250 g.,"4,29 €",,"17,16 €/kg",,,,,https://static.carrefour.es/hd_510x_/img_pim_food/020757_00_1.jpg
https://www.carrefour.es/supermercado/caldo-casero-de-carne-gallina-blanca-sin-gluten-1-l/R-689008280/p,Caldo casero de carne Gallina Blanca sin gluten 1 l.,"2,19 €",,"2,19 €/l",,La Despensa,"Conservas, Sopas y Precocinados","Caldos, Sopas y Pure",https://static.carrefour.es/hd_510x_/img_pim_food/080883_00_1.jpg
https://www.carrefour.es/supermercado/mascarilla-capilar-reparadora-guayava-cabellos-secos-hair-fruits-carrefour-soft-400-ml/R-VC4AECOMM-127812/p,Mascarilla capilar reparadora guayava cabellos secos Hair Fruits Carrefour Soft 400 ml.,"3,65 €",,"0,91 €/100ml",,Perfumería e Higiene,Cabello,Cuidado y Tratamientos del cabello,https://static.carrefour.es/hd_510x_/img_pim_food/127812_00_1.jpg
https://www.carrefour.es/supermercado/aceitunas-manzanilla-sin-hueso-carrefour-pack-de-3-unidades-de-75-g/R-VC4AECOMM-488053/p,Aceitunas manzanilla sin hueso Carrefour pack de 3 unidades de 75 g.,"1,65 €",,"7,33 €/kg",,La Despensa,Aperitivos,Aceitunas y Encurtidos,https://static.carrefour.es/hd_510x_/img_pim_food/488053_00_1.jpg
https://www.carrefour.es/supermercado/yogur-sabor-coco-fresa-frutos-del-bosque-y-macedonia-danone-sin-gluten-pack-de-8-unidades-de-120-g/R-521029418/p,"Yogur sabor coco, fresa, frutos del bosque y macedonia Danone sin gluten pack de 8 unidades de 120 g.","1,99 €",,"2,07 €/kg",,La Despensa,Yogures y Postres,Yogur Natural y Sabores,https://static.carrefour.es/hd_510x_/img_pim_food/058825_00_1.jpg
https://www.carrefour.es/supermercado/lavavajillas-a-mano-ultra-poder-fairy-780-ml/R-VC4AECOMM-400830/p,Lavavajillas a mano ultra poder Fairy 780 ml.,"6,55 €",,"8,40 €/l",,Limpieza y Hogar,Productos para Cocina,Lavavajillas a Mano,https://static.carrefour.es/hd_510x_/img_pim_food/400830_00_1.jpg
https://www.carrefour.es/supermercado/bimi-200-g/R-841600622/p,Bimi 200 g,"2,03 €",,"10,15 €/kg",,Productos Frescos,Verduras y hortalizas,Hortalizas,https://static.carrefour.es/hd_510x_/img_pim_food/794390_00_1.jpg
https://www.carrefour.es/supermercado/coles-de-bruselas-sin-sal-anadida-classic-carrefour-400-g/R-prod1160168/p,Coles de bruselas sin sal añadida Classic Carrefour 400 g.,"2,29 €",,"5,72 €/kg",,La Despensa,"Conservas, Sopas y Precocinados",Conservas de Vegetales,https://static.carrefour.es/hd_510x_/img_pim_food/206015_00_1.jpg
https://www.carrefour.es/supermercado/barrita-de-chocolate-con-leche-miel-y-almendras-toblerone-360-g/R-546305832/p,"Barrita de chocolate con leche, miel y almendras Toblerone 360 g.","7,85 €",,"21,81 €/kg",,La Despensa,Dulce,Bombones y Chocolates,https://static.carrefour.es/hd_510x_/img_pim_food/029909_00_1.jpg
https://www.carrefour.es/supermercado/helado-de-pink-lemonade-euphoria-magnum-440-ml/R-VC4AECOMM-328726/p,Helado de pink lemonade Euphoria Magnum 440 ml.,"7,29 €",,"23,44 €/kg",,Congelados,Helados,Tarrinas,https://static.carrefour.es/hd_510x_/img_pim_food/328726_00_1.jpg
https://www.carrefour.es/supermercado/champagne-charles-de-courance-brut-ecologico-75-cl/R-VC4AECOMM-040398/p,Champagne Charles de Courance brut ecológico 75 cl.,"28,00 €",,"28,00 €/ud",,Bebidas,Cava y champagne,Champagne,https://static.carrefour.es/hd_510x_/img_pim_food/040398_00_1.jpg
https://www.carrefour.es/supermercado/champu-y-acondicionador-anticaspa-2-en-1-classic-hs-625-ml/R-VC4AECOMM-336859/p,Champú y acondicionador anticaspa 2 en 1 Classic H&S 625 ml.,"8,79 €",,"1,41 €/100ml",,Perfumería e Higiene,Cabello,Champús,https://static.carrefour.es/hd_510x_/img_pim_food/336859_00_1.jpg
https://www.carrefour.es/supermercado/bifidus-natural-azucarado-danone-activia-pack-de-8-unidades-de-120-g/R-653901715/p,Bífidus natural azucarado Danone Activia pack de 8 unidades de 120 g.,"3,59 €",,"3,74 €/kg",,La Despensa,Yogures y Postres,Bífidus,https://static.carrefour.es/hd_510x_/img_pim_food/196119_00_1.jpg
https://www.carrefour.es/supermercado/caserecce-terre-ditalia-500-g/R-prod720343/p,Caserecce Terre d'Italia 500 g.,"2,25 €",,"4,50 €/kg",,La Despensa,Alimentación,Pastas,https://static.carrefour.es/hd_510x_/img_pim_food/852591_00_1.jpg
https://www.carrefour.es/supermercado/papel-higienico-humedo-aloe-vera-carrefour-15-ud/R-VC4AECOMM-436722/p,Papel higiénico húmedo aloe vera Carrefour 15 ud.,"0,80 €",,"0,05 €/ud",,Limpieza y Hogar,Papel y Celulosa,Papel Higiénico,https://static.carrefour.es/hd_510x_/img_pim_food/436722_00_1.jpg
https://www.carrefour.es/supermercado/galletas-de-mantequilla-con-sal-stmichel-150-g/R-808943640/p,Galletas de mantequilla con sal StMichel 150 g.,"2,85 €",,"19,00 €/kg",,La Despensa,Desayuno,Galletas,https://static.carrefour.es/hd_510x_/img_pim_food/903535_00_1.jpg
https://www.carrefour.es/supermercado/peine-idc-institute-1-ud/R-VC4AECOMM-120257/p,Peine IDC Institute 1 ud.,"1,20 €",,"1,20 €/ud",,Perfumería e Higiene,Cabello,"Cepillos, Peines y Accesorios",https://static.carrefour.es/hd_510x_/img_pim_food/120257_00_1.jpg
https://www.carrefour.es/supermercado/alcachofa-cortada-carrefour-classic-400-g/R-530014605/p,Alcachofa cortada Carrefour Classic 400 g.,"2,35 €",,"5,87 €/kg",,Congelados,Verduras Congeladas,,https://static.carrefour.es/hd_510x_/img_pim_food/672976_00_1.jpg
https://www.carrefour.es/supermercado/vermut-zarro-rojo-de-grifo-3-l/R-538002104/p,Vermut Zarro rojo de grifo 3 l.,"11,19 €",,"3,73 €/l",,,,,https://static.carrefour.es/hd_510x_/img_pim_food/260377_00_1.jpg
https://www.carrefour.es/supermercado/suavizante-concentrado-azul-carrefour-160-lavados/R-prod1110035/p,Suavizante concentrado azul Carrefour 160 lavados.,"3,29 €",,"0,02 €/lavado",,Limpieza y Hogar,Cuidado de la Ropa,Suavizantes,https://static.carrefour.es/hd_510x_/img_pim_food/150273_00_1.jpg
https://www.carrefour.es/supermercado/kiwi-zespri-1-kg-aprox/R-719618129/p,Kiwi Zespri 1 kg aprox,"5,09 €","3,99 €","5,09 €/kg","3,99 €/kg",Productos Frescos,Frutas,"Piñas, Kiwis, Aguacates y Tropicales",https://static.carrefour.es/hd_510x_/img_pim_food/243817_00_1.jpg
https://www.carrefour.es/supermercado/leche-corporal-hidratante-con-extracto-de-avena-carrefour-400-ml/R-815722681/p,Leche corporal hidratante con extracto de avena Carrefour 400 ml.,"1,89 €",,"0,47 €/100ml",,Perfumería e Higiene,Cuidado y Protección Corporal,Piel,https://static.carrefour.es/hd_510x_/img_pim_food/946761_00_1.jpg
https://www.carrefour.es/supermercado/gel-de-afeitado-para-piel-sensible-pro-gillette-200-ml/R-VC4AECOMM-725179/p,Gel de afeitado para piel sensible Pro Gillette 200 ml.,"8,29 €",,"4,14 €/100ml",,Perfumería e Higiene,Depilación y Afeitado,Afeitado,https://static.carrefour.es/hd_510x_/img_pim_food/725179_00_1.jpg
https://www.carrefour.es/supermercado/tinto-de-verano-ladron-de-verano-con-limon-lata-33-cl/R-VC4AECOMM-360314/p,Tinto de verano Ladrón de Verano con limón lata 33 cl.,"1,57 €",,"4,76 €/l",,Bebidas,Vinos,Sangría y Tinto de Verano,https://static.carrefour.es/hd_510x_/img_pim_food/360314_00_1.jpg
https://www.carrefour.es/supermercado/confitura-de-frambuesa-bonne-maman-370-g/R-prod260079/p,Confitura de frambuesa Bonne Maman 370 g.,"5,45 €",,"14,73 €/kg",,La Despensa,Dulce,"Mermeladas, Membrillos y Compotas",https://static.carrefour.es/hd_510x_/img_pim_food/029523_00_1.jpg
https://www.carrefour.es/supermercado/papel-de-horno-en-hojas-carrefour-20-ud/R-prod393045/p,Papel de horno en hojas Carrefour 20 ud.,"1,14 €",,"0,06 €/ud",,Limpieza y Hogar,Conservación de Alimentos,Papel y Moldes para horno,https://static.carrefour.es/hd_510x_/img_pim_food/472483_00_1.jpg
https://www.carrefour.es/supermercado/tomate-frito-carrefour-lata-400-g/R-prod730716/p,Tomate frito Carrefour lata 400 g.,"1,18 €",,"2,95 €/kg",,La Despensa,Alimentación,Salsas y Tomate Frito,https://static.carrefour.es/hd_510x_/img_pim_food/854881_00_1.jpg
https://www.carrefour.es/supermercado/balsamo-reparador-urea-cica-repair-para-piel-seca-rugosa-e-irregular-mixa-400-ml/R-VC4AECOMM-365413/p,"Bálsamo reparador urea cica repair+ para piel seca, rugosa e irregular Mixa 400 ml.","7,99 €",,"2,00 €/100ml",,Perfumería e Higiene,Cuidado y Protección Corporal,"Body Milk, Hidratación Bajo la Ducha",https://static.carrefour.es/hd_510x_/img_pim_food/365413_00_1.jpg
https://www.carrefour.es/supermercado/desodorante-en-spray-pepino-72h-advanced-care-dove-200-ml/R-VC4AECOMM-195468/p,Desodorante en spray pepino 72h Advanced Care Dove 200 ml.,"2,95 €",,"1,47 €/100ml",,Perfumería e Higiene,Baño e Higiene Corporal,Desodorantes,https://static.carrefour.es/hd_510x_/img_pim_food/195468_00_1.jpg
https://www.carrefour.es/supermercado/preservativos-sensitivos-real-feel-durex-12-ud/R-VC4AECOMM-487579/p,Preservativos sensitivos Real Feel Durex 12 ud.,"14,89 €",,"1,24 €/ud",,Perfumería e Higiene,Bienestar Sexual,Preservativos,https://static.carrefour.es/hd_510x_/img_pim_food/487579_00_1.jpg
https://www.carrefour.es/supermercado/batido-de-cacao-carrefour-sin-gluten-botella-1-l/R-819256512/p,Batido de cacao Carrefour sin gluten botella 1 l.,"1,16 €",,"1,16 €/l",,La Despensa,Lácteos,Batidos y Horchatas,https://static.carrefour.es/hd_510x_/img_pim_food/949064_00_1.jpg
https://www.carrefour.es/supermercado/colorante-permanente-n-3-castano-oscuro-intensive-color-cream-palette-1-ud/R-600805803/p,Colorante permanente nº 3 castaño oscuro Intensive Color Cream Palette 1 ud.,"4,79 €",,"4,79 €/ud",,Perfumería e Higiene,Cabello,Tinte,https://static.carrefour.es/hd_510x_/img_pim_food/366240_00_1.jpg
https://www.carrefour.es/supermercado/aceite-de-oliva-virgen-extra-hojiblanca-dcoop-1-l/R-VC4AECOMM-442661/p,Aceite de oliva virgen extra hojiblanca Dcoop 1 l.,"14,57 €",,"14,57 €/l",,La Despensa,Alimentación,Aceites y vinagres,https://static.carrefour.es/hd_510x_/img_pim_food/442661_00_1.jpg
https://www.carrefour.es/supermercado/plancha-selva-negra-1480-kg/R-VC4AECOMM-176953/p,"Plancha Selva Negra 1,480 kg","14,89 €",,"10,06 €/kg",,Productos Frescos,Panadería Tradicional,Pastelería y Repostería,https://static.carrefour.es/hd_510x_/img_pim_food/176953_00_1.jpg
https://www.carrefour.es/supermercado/gelatina-sabor-tropical-sin-azucar-royal-sin-gluten-pack-de-4-unidades-de-90-g/R-prod211265/p,Gelatina sabor tropical sin azúcar Royal sin gluten pack de 4 unidades de 90 g.,"1,95 €",,"4,87 €/kg",,La Despensa,Yogures y Postres,Gelatina,https://static.carrefour.es/hd_510x_/img_pim_food/264385_00_1.jpg
https://www.carrefour.es/supermercado/pan-de-la-abuela-integral-100/R-VC4AECOMM-550656/p,Pan de la abuela integral 100%,"1,69 €",,"4,69 €/kg",,Productos Frescos,Panadería Tradicional,Pan Tradicional,https://static.carrefour.es/hd_510x_/img_pim_food/550656_00_1.jpg
https://www.carrefour.es/supermercado/esparragos-blancos-muy-gruesos-de-nuestra-tierra-350-g/R-819256708/p,Espárragos blancos muy gruesos De Nuestra Tierra 350 g.,"11,89 €",,"33,97 €/kg",,La Despensa,"Conservas, Sopas y Precocinados",Conservas de Vegetales,https://static.carrefour.es/hd_510x_/img_pim_food/950581_00_1.jpg
https://www.carrefour.es/supermercado/tiras-pieles-sensibles-soft-carrefour-30-ud/R-VC4AECOMM-147859/p,Tiras pieles sensibles Soft Carrefour 30 ud.,"1,99 €",,"0,07 €/ud",,Parafarmacia,Botiquín,Apósitos y Gasas,https://static.carrefour.es/hd_510x_/img_pim_food/147859_00_1.jpg
https://www.carrefour.es/supermercado/chorizo-extra-con-pimienta-en-lonchas-carrefour-extra-sin-gluten-100-g/R-VC4AECOMM-711267/p,Chorizo Extra con Pimienta en lonchas Carrefour Extra sin gluten 100 g,"2,09 €",,"20,90 €/kg",,Productos Frescos,Charcutería,"Chorizo, Lomo y Otros",https://static.carrefour.es/hd_510x_/img_pim_food/711267_00_1.jpg
https://www.carrefour.es/supermercado/chocolate-negro-82-valor-sin-gluten-170-g/R-814144555/p,Chocolate negro 82% Valor sin gluten 170 g.,"3,59 €",,"21,12 €/kg",,La Despensa,Dulce,Bombones y Chocolates,https://static.carrefour.es/hd_510x_/img_pim_food/944364_00_1.jpg
https://www.carrefour.es/supermercado/tira-de-costilla-de-cerdo-adobada-la-nuncia-600-g-aprox/R-702201819/p,Tira de costilla de cerdo adobada La Nuncia 600 g aprox,"6,27 €",,"10,45 €/kg",,Productos Frescos,Carnicería,Otras carnes,https://static.carrefour.es/hd_510x_/img_pim_food/401847_00_1.jpg
https://www.carrefour.es/supermercado/vino-tinto-gran-reserva-el-somo-doca-rioja-75-cl/R-fprod1360113/p,Vino tinto gran reserva El Somo D.O.Ca. Rioja 75 cl.,"8,09 €",,"8,09 €/ud",,Bebidas,Vinos,Tinto,https://static.carrefour.es/hd_510x_/img_pim_food/341126_00_1.jpg
https://www.carrefour.es/supermercado/sardinas-en-escabeche-de-nuestra-tierra-80-g/R-848500517/p,Sardinas en escabeche De Nuestra Tierra 80 g.,"2,55 €",,"31,87 €/kg",,La Despensa,"Conservas, Sopas y Precocinados",Conservas de Pescado y Marisco,https://static.carrefour.es/hd_510x_/img_pim_food/012122_00_1.jpg
https://www.carrefour.es/supermercado/salsa-a-la-pimienta-carrefour-envase-340-g/R-prod860525/p,Salsa a la pimienta Carrefour envase 340 g.,"1,45 €",,"4,26 €/kg",,La Despensa,Alimentación,Salsas y Tomate Frito,https://static.carrefour.es/hd_510x_/img_pim_food/389945_00_1.jpg
https://www.carrefour.es/supermercado/champu-aceite-de-argan-para-cabello-secos-y-danados-carrefour-soft-700-ml/R-VC4AECOMM-727003/p,Champú aceite de argán para cabello secos y dañados Carrefour Soft 700 ml.,"2,99 €",,"0,43 €/100ml",,Perfumería e Higiene,Cabello,Champús,https://static.carrefour.es/hd_510x_/img_pim_food/727003_00_1.jpg
https://www.carrefour.es/supermercado/tortilla-de-patatas-con-cebolla-carrefour-classic-sin-gluten-sin-lactosa-600-g/R-fprod1300006/p,Tortilla de patatas con cebolla Carrefour Classic' sin gluten sin lactosa 600 g.,"2,39 €",,"3,98 €/kg",,La Despensa,"Conservas, Sopas y Precocinados","Tortillas, Empanadillas y Sandwiches",https://static.carrefour.es/hd_510x_/img_pim_food/333440_00_1.jpg
https://www.carrefour.es/supermercado/peperoncini-relleno-de-anchoas-y-alcaparras-extra-carrefour-200-g/R-VC4AECOMM-110406/p,Peperoncini relleno de anchoas y alcaparras Extra Carrefour 200 g.,"5,99 €",,"29,95 €/kg",,La Despensa,"Conservas, Sopas y Precocinados",Conservas de Vegetales,https://static.carrefour.es/hd_510x_/img_pim_food/110406_00_1.jpg
https://www.carrefour.es/supermercado/alas-de-pavo-carrefour-600-g-aprox/R-prod920187/p,Alas de pavo Carrefour 600 g aprox,"2,46 €",,"4,10 €/kg",,Productos Frescos,Carnicería,Aves y Pollo,https://static.carrefour.es/hd_510x_/img_pim_food/039653_00_1.jpg
https://www.carrefour.es/supermercado/yogur-liquido-natural-azucarado-carrefour-classic-pack-de-12-unidades-de-100-g/R-VC4AECOMM-437952/p,Yogur líquido natural azucarado Carrefour Classic' pack de 12 unidades de 100 g.,"1,99 €",,"1,66 €/kg",,La Despensa,Yogures y Postres,Yogures Líquidos,https://static.carrefour.es/hd_510x_/img_pim_food/437952_00_1.jpg
https://www.carrefour.es/supermercado/agua-mineral-con-gas-cabreiroa-1-l/R-789391475/p,Agua mineral con gas Cabreiroá 1 l.,"1,75 €",,"1,75 €/l
- 10,50 €/6 uds.",,Bebidas,Aguas y Zumos,Agua con gas,https://static.carrefour.es/hd_510x_/img_pim_food/884045_00_1.jpg
https://www.carrefour.es/supermercado/comida-humeda-pollo-relleno-de-arroz-y-zanahoria-perrynat-1-kg/R-VC4AECOMM-108562/p,Comida húmeda pollo relleno de arroz y zanahoria Perrynat 1 kg,"1,99 €",,"1,99 €/kg",,Mascotas,Perros,"Premios, Snacks y Huesos",https://static.carrefour.es/hd_510x_/img_pim_food/108562_00_1.jpg
https://www.carrefour.es/supermercado/carrefour-comida-para-periquitos-y-loros-1kg/R-555401581/p,Carrefour Comida para Periquitos y Loros 1Kg,"1,82 €",,"1,82 €/kg",,Mascotas,Pájaros,Pienso para pájaros,https://static.carrefour.es/hd_510x_/img_pim_food/213805_00_1.jpg
https://www.carrefour.es/supermercado/bifidus-de-fibras-con-avena-y-nueces-danone-activia-pack-de-4-unidades-de-120-g/R-839100497/p,Bífidus de fibras con avena y nueces Danone Activia pack de 4 unidades de 120 g.,"2,79 €",,"6,07 €/kg",,La Despensa,Yogures y Postres,Bífidus,https://static.carrefour.es/hd_510x_/img_pim_food/976315_00_1.jpg
https://www.carrefour.es/supermercado/vino-dulce-joven-malvar-dulce-maria-do-vinos-de-madrid-75-cl/R-704404143/p,Dulce Maria,"4,49 €",,"4,49 €/ud",,,,,https://static.carrefour.es/hd_510x_/img_pim_food/408572_00_1.jpg
https://www.carrefour.es/supermercado/grageas-de-chocolate-chocotiz-carrefour-classic-250-g/R-VC4AECOMM-572644/p,Grageas de chocolate Chocotiz Carrefour Classic 250 g.,"2,19 €",,"8,76 €/kg",,,,,https://static.carrefour.es/hd_510x_/img_pim_food/572644_00_1.jpg
https://www.carrefour.es/supermercado/patatas-fritas-sabor-campesina-classic-carrefour-150-g/R-prod1070117/p,Patatas fritas sabor campesina Classic Carrefour 150 g.,"1,10 €",,"7,33 €/kg",,La Despensa,Aperitivos,Patatas Fritas,https://static.carrefour.es/hd_510x_/img_pim_food/130123_00_1.jpg
https://www.carrefour.es/supermercado/falda-de-anojo-calidad-y-origen-carrefour-500-g-aprox/R-prod840011/p,Falda de añojo Calidad y Origen Carrefour 500 g aprox,"6,94 €",,,,Productos Frescos,Carnicería,Vacuno,https://static.carrefour.es/hd_510x_/img_pim_food/842654_00_1.jpg
https://www.carrefour.es/supermercado/pan-de-leche-carrefour-classic-350-g/R-prod550021/p,Pan de leche Carrefour Classic 350 g.,"1,31 €",,"3,74 €/kg",,La Despensa,"Panaderia, Bollería y Pastelería",Bollería,https://static.carrefour.es/hd_510x_/img_pim_food/835359_00_1.jpg
https://www.carrefour.es/supermercado/entrecot-de-vacuno-carrefour-el-mercado-500-g-aprox/R-VC4AECOMM-133770/p,Entrecot de Vacuno Carrefour El Mercado 500 g aprox,"9,04 €",,"18,09 €/kg",,Productos Frescos,Carnicería,Vacuno,https://static.carrefour.es/hd_510x_/img_pim_food/133770_00_1.jpg
https://www.carrefour.es/supermercado/leche-infantil-desde-1-dia-en-polvo-nutriben-sin-lactosa-1-sin-aceite-de-palma-lata-400-g/R-VC4AECOMM-553058/p,Leche infantil desde 1 día en polvo Nutribén sin lactosa 1 sin aceite de palma lata 400 g.,"16,39 €",,"40,97 €/kg",,Parafarmacia,Bebé,Leche infantil,https://static.carrefour.es/hd_510x_/img_pim_food/553058_00_1.jpg
https://www.carrefour.es/supermercado/mojama-de-atun-salado-en-lonchas-de-nuestra-tierra-80-g/R-prod1070018/p,Mojama de Atún Salado en lonchas De Nuestra Tierra 80 g,"6,95 €",,"86,87 €/kg",,Productos Frescos,Pescadería,Ahumados y Huevas,https://static.carrefour.es/hd_510x_/img_pim_food/125794_00_1.jpg
https://www.carrefour.es/supermercado/vieira-del-pacifico-media-concha-carrefour-extra-175-g/R-VC4AECOMM-463323/p,Vieira del Pacífico media concha Carrefour Extra 175 g,"6,95 €",,"39,71 €/kg",,Congelados,Mariscos Congelados,,https://static.carrefour.es/hd_510x_/img_pim_food/463323_00_1.jpg
https://www.carrefour.es/supermercado/filetes-de-caballa-del-sur-en-salsa-de-tomate-classic-carrefour-pack-de-2-latas-de-65-g/R-VC4AECOMM-488871/p,Filetes de caballa del sur en salsa de tomate Classic Carrefour pack de 2 latas de 65 g.,"1,55 €",,"11,92 €/kg",,La Despensa,"Conservas, Sopas y Precocinados",Conservas de Pescado y Marisco,https://static.carrefour.es/hd_510x_/img_pim_food/488871_00_1.jpg
https://www.carrefour.es/supermercado/paleta-de-cebo-iberico-50-raza-iberica-ibersierra-sin-gluten-surtido-de-ibericos-150-g/R-VC4AECOMM-187190/p,Paleta de Cebo Ibérico 50% Raza Ibérica IberSierra sin gluten + Surtido de Ibéricos 150 g,"9,79 €",,"65,27 €/kg",,Productos Frescos,Charcutería,Tablas y Surtidos,https://static.carrefour.es/hd_510x_/img_pim_food/187190_00_1.jpg
https://www.carrefour.es/supermercado/ladrillos-de-goma-sabor-fresa-y-pica-pica-classic-carrefour-sin-gluten-200-g/R-VC4AECOMM-614937/p,Ladrillos de goma sabor fresa y pica pica Classic Carrefour sin gluten 200 g.,"1,34 €",,"6,70 €/kg",,,,,https://static.carrefour.es/hd_510x_/img_pim_food/614937_00_1.jpg
https://www.carrefour.es/supermercado/pizza-quattro-formaggi-ristorante-dr-oetker-340-g/R-521035317/p,Pizza quattro formaggi Ristorante Dr. Oetker 340 g,"3,89 €",,"11,44 €/kg",,Congelados,Pizzas Congeladas,,https://static.carrefour.es/hd_510x_/img_pim_food/626468_00_1.jpg
https://www.carrefour.es/supermercado/dentifrico-3d-white-blancura-radiante-oral-b-75-ml/R-749528643/p,Dentífrico 3D White Blancura radiante Oral-B 75 ml.,"3,79 €",,"5,05 €/100ml",,Perfumería e Higiene,Boca y Sonrisa,Dentífricos,https://static.carrefour.es/hd_510x_/img_pim_food/758704_00_1.jpg
https://www.carrefour.es/supermercado/hamburguesas-mini-de-picana-angus-lord-dani-280-g/R-VC4AECOMM-415286/p,Hamburguesas mini de picaña angus Lord Dani 280 g,"4,39 €",,"15,68 €/kg",,Productos Frescos,Carnicería,Hamburguesas,https://static.carrefour.es/hd_510x_/img_pim_food/415286_00_1.jpg
https://www.carrefour.es/supermercado/sidra-el-gaitero-villaviciosa-botella-25-cl/R-VC4AECOMM-254953/p,Sidra El Gaitero Villaviciosa botella 25 cl.,"1,07 €",,"4,28 €/l",,Bebidas,Sidra,Cider,https://static.carrefour.es/hd_510x_/img_pim_food/254953_00_1.jpg
https://www.carrefour.es/supermercado/tabla-de-pates-carrefour-el-mercado-sin-gluten-pack-de-4-unidades-de-50-g/R-VC4AECOMM-187451/p,Tabla de patés Carrefour El Mercado sin gluten pack de 4 unidades de 50 g.,"4,69 €",,"23,45 €/kg",,Productos Frescos,Charcutería,"Foie, Patés y Sobrasadas",https://static.carrefour.es/hd_510x_/img_pim_food/187451_00_1.jpg
https://www.carrefour.es/supermercado/tortelloni-de-4-quesos-al-huevo-carrefour-250-g/R-prod490064/p,Tortelloni de 4 quesos al huevo Carrefour 250 g.,"1,76 €",,"7,04 €/kg",,La Despensa,"Conservas, Sopas y Precocinados",Platos Preparados,https://static.carrefour.es/hd_510x_/img_pim_food/830111_00_1.jpg
https://www.carrefour.es/supermercado/queso-azul-bleu-de-france-entremont-100-g/R-prod410675/p,Queso azul Bleu de France Entremont 100 g,"2,30 €",,"23,00 €/kg",,Productos Frescos,Quesos,Todos los Quesos,https://static.carrefour.es/hd_510x_/img_pim_food/683228_00_1.jpg
https://www.carrefour.es/supermercado/solucion-para-dieta-svetol-biotina-bie3-sin-gluten-sin-lactosa-24-ud/R-590504112/p,Solución para dieta Svetol & Biotina Bie3 sin gluten sin lactosa 24 ud.,"11,85 €",,"12,34 €/100g",,Parafarmacia,Nutrición y Dietética,Control de Peso,https://static.carrefour.es/hd_510x_/img_pim_food/257950_00_1.jpg
https://www.carrefour.es/supermercado/atun-en-aceite-de-oliva-pack-de-6-latas-de-52-g/R-850000322/p,Atún en aceite de oliva pack de 6 latas de 52 g.,"4,39 €",,"14,07 €/kg",,La Despensa,"Conservas, Sopas y Precocinados",Conservas de Pescado y Marisco,https://static.carrefour.es/hd_510x_/img_pim_food/028289_00_1.jpg
https://www.carrefour.es/supermercado/lasana-bolonesa-carrefour-pack-de-2-unidades-de-500-g/R-VC4AECOMM-431244/p,Lasaña boloñesa Carrefour pack de 2 unidades de 500 g.,"5,35 €",,"5,35 €/kg",,Congelados,Rebozados y Platos Preparados,,https://static.carrefour.es/hd_510x_/img_pim_food/431244_00_1.jpg
https://www.carrefour.es/supermercado/insecticida-antirrastreros-laca-carrefour-750-ml/R-698405741/p,Insecticida antirrastreros laca Carrefour 750 ml.,"4,99 €",,"6,65 €/l",,Limpieza y Hogar,Productos para toda la casa,Insecticidas,https://static.carrefour.es/hd_510x_/img_pim_food/324379_00_1.jpg
https://www.carrefour.es/supermercado/pate-vegetal-de-champinon-y-shiitake-ecologico-alvime-sin-gluten-125-g/R-VC4AECOMM-562098/p,Paté vegetal de champiñón y shiitake ecológico Alvime sin gluten 125 g.,"1,86 €",,"14,88 €/kg",,Productos Frescos,Charcutería,"Foie, Patés y Sobrasadas",https://static.carrefour.es/hd_510x_/img_pim_food/562098_00_1.jpg
https://www.carrefour.es/supermercado/licor-de-cafe-xare-70-cl/R-546102574/p,Licor de café Xare 70 cl.,"6,39 €",,"9,13 €/l",,,,,https://static.carrefour.es/hd_510x_/img_pim_food/692759_00_1.jpg
https://www.carrefour.es/supermercado/crema-para-calzado-color-negro-bufalo-75-ml/R-VC4AECOMM-095498/p,Crema para calzado color negro Búfalo 75 ml.,"3,29 €",,"43,87 €/l",,Limpieza y Hogar,Calzado,Crema,https://static.carrefour.es/hd_510x_/img_pim_food/095498_00_1.jpg
https://www.carrefour.es/supermercado/tortitas-de-arroz-integrales-con-chocolate-y-leche-bicentury-130-g/R-prod70446/p,Tortitas de arroz integrales con chocolate y leche Bicentury 130 g.,"2,79 €",,"21,46 €/kg",,La Despensa,Aperitivos,Tortitas,https://static.carrefour.es/hd_510x_/img_pim_food/193208_00_1.jpg
https://www.carrefour.es/supermercado/albaricoque-en-mitades-con-almibar-ligero-classic-carrefour-475-g/R-VC4AECOMM-423779/p,Albaricoque en mitades con almibar ligero Classic Carrefour 475 g.,"2,59 €",,"5,45 €/kg",,La Despensa,"Conservas, Sopas y Precocinados",Conservas de Frutas,https://static.carrefour.es/hd_510x_/img_pim_food/423779_00_1.jpg
https://www.carrefour.es/supermercado/pienso-de-buey-para-perro-adulto-medium-maxi-ultima-dog-75-kg/R-826217366/p,"Pienso de buey para perro adulto medium maxi Ultima Dog 7,5 Kg.","32,90 €",,"4,39 €/kg",,Mascotas,Perros,Pienso para perros,https://static.carrefour.es/hd_510x_/img_pim_food/960649_00_1.jpg
https://www.carrefour.es/supermercado/pan-tostado-para-dipear-y-untar-carrefour-150-g/R-VC4AECOMM-509319/p,Pan tostado para dipear y untar Carrefour 150 g.,"1,64 €",,"10,93 €/kg",,La Despensa,"Panaderia, Bollería y Pastelería","Pan tostado, Biscottes y Barritas",https://static.carrefour.es/hd_510x_/img_pim_food/509319_00_1.jpg
https://www.carrefour.es/supermercado/galletas-de-barquillo-cubiertas-de-chocolate-choco-wafer-milka-300-g/R-856700392/p,Galletas de barquillo cubiertas de chocolate Choco Wafer Milka 300 g.,"5,39 €",,"17,97 €/kg",,La Despensa,Desayuno,Galletas,https://static.carrefour.es/hd_510x_/img_pim_food/085985_00_1.jpg
https://www.carrefour.es/supermercado/yemas-de-esparragos-blancos-medios-classic-carrefour-110-g/R-871005018/p,Yemas de esparragos blancos medios Classic Carrefour 110 g.,"1,54 €",,"14,00 €/kg",,La Despensa,"Conservas, Sopas y Precocinados",Conservas de Vegetales,https://static.carrefour.es/hd_510x_/img_pim_food/182322_00_1.jpg
https://www.carrefour.es/supermercado/cava-anna-codorniu-brut-nature-do-cava-75-cl/R-596301676/p,Anna De Codorniu Brut Nature,"8,95 €",,"8,95 €/ud",,,,,https://static.carrefour.es/hd_510x_/img_pim_food/353872_00_1.jpg
https://www.carrefour.es/supermercado/quitamanchas-para-ropa-en-polvo-oxi-action-vanish-450-g/R-fprod1270042/p,Quitamanchas para ropa en polvo Oxi Action Vanish 450 g.,"6,59 €",,"14,64 €/kg",,Limpieza y Hogar,Cuidado de la Ropa,Aditivos y quitamanchas,https://static.carrefour.es/hd_510x_/img_pim_food/324975_00_1.jpg
https://www.carrefour.es/supermercado/tarrito-de-yogur-natural-desde-6-meses-hero-baby-sin-gluten-pack-de-2-unidades-120-g/R-VC4AECOMM-312019/p,Tarrito de yogur natural desde 6 meses Hero Baby sin gluten pack de 2 unidades 120 g.,"3,25 €",,"13,54 €/kg",,Bebé,Alimentación infantil,"Postres, Zumos, Petit y Yogures Infantiles",https://static.carrefour.es/hd_510x_/img_pim_food/312019_00_1.jpg
https://www.carrefour.es/supermercado/crema-pieles-sensibles-e-irritadas-piel-en-calma-talquistina-100-ml/R-VC4AECOMM-420278/p,Crema pieles sensibles e irritadas Piel en Calma Talquistina 100 ml.,"15,85 €",,"15,85 €/100ml",,Parafarmacia,Botiquín,Antisépticos y Talcos,https://static.carrefour.es/hd_510x_/img_pim_food/420278_00_1.jpg
https://www.carrefour.es/supermercado/comida-humeda-esterilizada-de-pollo-y-salmon-para-gatos-perfect-fit-sensitive-pack-de-4-unidades-de-85-g/R-VC4AECOMM-638466/p,Comida húmeda esterilizada de pollo y salmón para gatos Perfect Fit Sensitive pack de 4 unidades de 85 g.,"3,99 €",,"11,74 €/kg",,Mascotas,Gatos,Pienso para gatos,https://static.carrefour.es/hd_510x_/img_pim_food/638466_00_1.jpg
https://www.carrefour.es/supermercado/judias-verdes-tira-gvtarra-350-g/R-606700698/p,Judias verdes tira Gvtarra 350 g.,"3,45 €",,"9,86 €/kg",,La Despensa,"Conservas, Sopas y Precocinados",Conservas de Vegetales,https://static.carrefour.es/hd_510x_/img_pim_food/107957_00_1.jpg
https://www.carrefour.es/supermercado/caramelos-sabor-chocolate-wherthers-original-sin-azucar-60-g/R-prod71104/p,Caramelos sabor chocolate Wherther's Original sin azúcar 60 g.,"2,15 €",,"35,83 €/kg",,La Despensa,Dulce,Dulces y Golosinas,https://static.carrefour.es/hd_510x_/img_pim_food/977211_00_1.jpg
https://www.carrefour.es/supermercado/champu-matizador-violeta-cleare-institute-400-ml/R-VC4AECOMM-675378/p,Champú matizador violeta Clearé Institute 400 ml.,"12,85 €",,"3,21 €/100ml",,Parafarmacia,Cabello,Otros Champús de Tratamiento,https://static.carrefour.es/hd_510x_/img_pim_food/675378_00_1.jpg
https://www.carrefour.es/supermercado/complemento-alimenticio-melatonina-y-triptofano-comprimidos-epaplus-60-comprimidos/R-855600596/p,Complemento alimenticio melatonina y triptófano comprimidos Epaplus 60 comprimidos.,"11,89 €",,"23,31 €/100g",,Parafarmacia,Nutrición y Dietética,Complementos Vitamínicos,https://static.carrefour.es/hd_510x_/img_pim_food/087961_00_1.jpg
https://www.carrefour.es/supermercado/leche-entera-de-vaca-pasteurizada-saha-750-ml/R-VC4AECOMM-139029/p,Leche entera de vaca pasteurizada Saha 750 ml.,"3,36 €",,"4,48 €/l",,La Despensa,Lácteos,Leche,https://static.carrefour.es/hd_510x_/img_pim_food/139029_00_1.jpg
https://www.carrefour.es/supermercado/jabon-original-en-pastilla-para-cara-cuerpo-y-manos-dove-2-unidades-de-90-g/R-521028504/p,"Jabón original en pastilla para cara, cuerpo y manos Dove 2 unidades de 90 g.","2,19 €",,"1,22 €/100g",,Perfumería e Higiene,Baño e Higiene Corporal,Jabón de Manos,https://static.carrefour.es/hd_510x_/img_pim_food/001078_00_1.jpg
https://www.carrefour.es/supermercado/masa-brisa-carrefour-230-g/R-663201868/p,Masa brisa Carrefour 230 g.,"1,25 €",,"5,43 €/kg",,La Despensa,"Conservas, Sopas y Precocinados",Masa Fresca y Bases,https://static.carrefour.es/hd_510x_/img_pim_food/314791_00_1.jpg
https://www.carrefour.es/supermercado/pizza-4-quesos-bella-napoli-buitoni-425-g/R-prod223014/p,Pizza 4 quesos Bella Napoli Buitoni 425 g.,"6,55 €",,"15,41 €/kg",,Congelados,Pizzas Congeladas,,https://static.carrefour.es/hd_510x_/img_pim_food/214203_00_1.jpg
https://www.carrefour.es/supermercado/entrecot-de-anojo-circulo-de-calidad-500-g-aprox/R-prod1070085/p,Entrecot de añojo Círculo de Calidad 500 g aprox,"10,84 €","7,95 €","21,69 €/kg","15,90 €/kg",Productos Frescos,Carnicería,Vacuno,https://static.carrefour.es/hd_510x_/img_pim_food/126668_00_1.jpg
https://www.carrefour.es/supermercado/garbanzo-categoria-extra-carrefour-1-kg/R-536500289/p,Garbanzo categoría extra Carrefour 1 kg.,"2,19 €",,"2,19 €/kg",,La Despensa,Alimentación,Legumbres,https://static.carrefour.es/hd_510x_/img_pim_food/201578_00_1.jpg
https://www.carrefour.es/supermercado/detergente-liquido-extra-poder-quitamanchas-ariel-40-lavados/R-VC4AECOMM-757393/p,Detergente líquido + extra poder quitamanchas Ariel 40 lavados.,"19,35 €",,"0,48 €/lavado",,Limpieza y Hogar,Cuidado de la Ropa,Detergentes,https://static.carrefour.es/hd_510x_/img_pim_food/757393_00_1.jpg
https://www.carrefour.es/supermercado/cono-de-golosinas-fini-70-g/R-prod731244/p,Cono de golosinas Fini 70 g.,"1,68 €",,"24,00 €/kg",,La Despensa,Dulce,Dulces y Golosinas,https://static.carrefour.es/hd_510x_/img_pim_food/856311_00_1.jpg
https://www.carrefour.es/supermercado/locion-corporal-ecologica-natura-madre-tierra-instituto-espanol-300-ml/R-prod1140183/p,Loción corporal ecológica Natura Madre Tierra Instituto Español 300 ml.,"5,69 €",,"1,90 €/100ml",,Perfumería e Higiene,Cuidado y Protección Corporal,"Body Milk, Hidratación Bajo la Ducha",https://static.carrefour.es/hd_510x_/img_pim_food/197580_00_1.jpg
https://www.carrefour.es/supermercado/te-verde-en-bolsitas-ecologico-carrefour-bio-20-ud/R-521003183/p,Té verde en bolsitas ecológico Carrefour Bio 20 ud.,"2,79 €",,"99,64 €/kg",,La Despensa,Desayuno,Infusiones y Tés,https://static.carrefour.es/hd_510x_/img_pim_food/528266_00_1.jpg
https://www.carrefour.es/supermercado/vino-tinto-crianza-mucho-mas-75-cl/R-VC4AECOMM-696229/p,Mucho Mas Tinto,"7,49 €",,"9,99 €/l",,,,,https://static.carrefour.es/hd_510x_/img_pim_food/696229_00_1.jpg
https://www.carrefour.es/supermercado/tinto-de-verano-con-limon-don-simon-botella-15-l/R-520661451/p,"Tinto de verano con limón Don Simón botella 1,5 l.","1,65 €",,"1,10 €/l",,Bebidas,Vinos,Sangría y Tinto de Verano,https://static.carrefour.es/hd_510x_/img_pim_food/710334_00_1.jpg
https://www.carrefour.es/supermercado/almohadillas-adhesivas-para-dentadura-superior-algasiv-30-ud/R-590504154/p,Almohadillas adhesivas para dentadura superior Algasiv 30 ud.,"13,49 €",,"0,45 €/ud",,Parafarmacia,Higiene Bucal,Cuidado y Fijación Prótesis Dentales,https://static.carrefour.es/hd_510x_/img_pim_food/258665_00_1.jpg
https://www.carrefour.es/supermercado/agua-de-colonia-lavanda-carrefour-soft-750-ml/R-VC4AECOMM-020118/p,Agua de colonia lavanda Carrefour Soft 750 ml.,"2,25 €",,"0,30 €/100ml",,Perfumería e Higiene,Baño e Higiene Corporal,Colonias,https://static.carrefour.es/hd_510x_/img_pim_food/020118_00_1.jpg
https://www.carrefour.es/supermercado/onevit-lactasa-5000-fcc-sin-gluten-45-ud/R-VC4AECOMM-383618/p,Onevit Lactasa 5000 FCC sin gluten 45 ud.,"6,39 €",,"23,67 €/100g",,Parafarmacia,Nutrición y Dietética,Complementos Vitamínicos,https://static.carrefour.es/hd_510x_/img_pim_food/383618_00_1.jpg
https://www.carrefour.es/supermercado/ambientador-de-varillas-melon-the-fruit-company-40-ml/R-prod960096/p,Ambientador de varillas melón The Fruit Company 40 ml.,"3,59 €",,"3,59 €/ud",,Limpieza y Hogar,Ambientadores,Decorativos,https://static.carrefour.es/hd_510x_/img_pim_food/050665_00_1.jpg
https://www.carrefour.es/supermercado/queso-emmental-en-lonchas-carrefour-150-g/R-784418122/p,Queso emmental en lonchas Carrefour 150 g.,"1,88 €",,"12,53 €/kg",,Productos Frescos,Quesos,Gouda y Emmental,https://static.carrefour.es/hd_510x_/img_pim_food/873940_00_1.jpg
https://www.carrefour.es/supermercado/salsa-de-soja-dulce-king-tiger-250-ml/R-fprod1320086/p,Salsa de soja dulce King Tiger 250 ml.,"2,35 €",,"9,40 €/l",,La Despensa,Alimentación,Salsas y Tomate Frito,https://static.carrefour.es/hd_510x_/img_pim_food/334186_00_1.jpg
https://www.carrefour.es/supermercado/aquarius-sabor-naranja-zero-azucar-sin-calorias-botella-15-l/R-546003745/p,"Aquarius sabor naranja zero azúcar sin calorías botella 1,5 l.","1,99 €",,"1,33 €/l",,Bebidas,Refrescos,Isotónicas,https://static.carrefour.es/hd_510x_/img_pim_food/197236_00_1.jpg
https://www.carrefour.es/supermercado/cafeina-con-taurina-en-capsulas-vive-sin-gluten-30-ud/R-fprod1190226/p,Cafeína con taurina en cápsulas Vive+ sin gluten 30 ud.,"7,59 €",,"47,44 €/100g",,La Despensa,Alimentación,Vitaminas y Complementos,https://static.carrefour.es/hd_510x_/img_pim_food/239016_00_1.jpg
https://www.carrefour.es/supermercado/copos-de-arroz-y-trigo-integral-stylesse-carrefour-500-g/R-728110806/p,Copos de arroz y trigo integral Stylesse Carrefour 500 g.,"1,99 €",,"3,98 €/kg",,La Despensa,Desayuno,Cereales,https://static.carrefour.es/hd_510x_/img_pim_food/670214_00_1.jpg
https://www.carrefour.es/supermercado/barritas-de-avena-y-miel-crunchy-nature-valley-sin-lactosa-pack-de-5-unidades-de-42-g/R-prod90088/p,Barritas de avena y miel Crunchy Nature Valley sin lactosa pack de 5 unidades de 42 g.,"2,95 €",,"14,05 €/kg",,,,,https://static.carrefour.es/hd_510x_/img_pim_food/218862_00_1.jpg
https://www.carrefour.es/supermercado/ginebra-puerto-de-indias-mango-70-cl/R-VC4AECOMM-471517/p,Ginebra Puerto de Indias mango 70 cl.,"16,89 €",,"24,13 €/l",,Bebidas,Alcoholes,Ginebra,https://static.carrefour.es/hd_510x_/img_pim_food/471517_00_1.jpg
https://www.carrefour.es/supermercado/emulsion-calmante-con-aloe-vera-en-roll-on-carrefour-10-ml/R-798285182/p,Emulsión calmante con aloe vera en roll-on Carrefour 10 ml.,"3,95 €",,"39,50 €/100ml",,Parafarmacia,Botiquín,Antimosquitos,https://static.carrefour.es/hd_510x_/img_pim_food/901436_00_1.jpg
https://www.carrefour.es/supermercado/infusion-quemagrasa-con-cola-de-caballo-y-guarana-sabor-fresa-en-bolsitas-susaron-10-ud/R-prod270900/p,Infusión quemagrasa con cola de caballo y guaraná sabor fresa en bolsitas Susarón 10 ud.,"2,15 €",,"165,38 €/kg",,La Despensa,Desayuno,Infusiones y Tés,https://static.carrefour.es/hd_510x_/img_pim_food/299922_00_1.jpg
https://www.carrefour.es/supermercado/bonito-del-norte-en-aceite-de-oliva-de-nuestra-tierra-125-g/R-521006227/p,Bonito del norte en aceite de oliva De Nuestra Tierra 125 g.,"5,75 €",,"46,00 €/kg",,La Despensa,"Conservas, Sopas y Precocinados",Conservas de Pescado y Marisco,https://static.carrefour.es/hd_510x_/img_pim_food/226661_00_1.jpg
https://www.carrefour.es/supermercado/kombucha-dragon-lemonade-flax-kale-lata-33-cl/R-VC4AECOMM-405928/p,Kombucha dragon lemonade Flax & Kale lata 33 cl.,"2,59 €",,"7,85 €/l",,Bebidas,Refrescos,Kombucha,https://static.carrefour.es/hd_510x_/img_pim_food/405928_00_1.jpg
https://www.carrefour.es/supermercado/mermelada-de-cerezas-temporada-hero-sin-gluten-350-g/R-VC4AECOMM-815092/p,Mermelada de cerezas Temporada Hero sin gluten 350 g.,"2,99 €",,"8,54 €/kg",,La Despensa,Dulce,"Mermeladas, Membrillos y Compotas",https://static.carrefour.es/hd_510x_/img_pim_food/815092_00_1.jpg
https://www.carrefour.es/supermercado/helado-chocolate-fudge-brownie-ben-jerrys-465-ml/R-VC4AECOMM-456066/p,Helado chocolate fudge brownie Ben & Jerry’s 465 ml.,"7,35 €",,"18,01 €/kg",,Congelados,Helados,Tarrinas,https://static.carrefour.es/hd_510x_/img_pim_food/456066_00_1.jpg
https://www.carrefour.es/supermercado/compresas-normal-sin-alas-liberty-evax-12-ud/R-prod261489/p,Compresas normal sin alas Liberty Evax 12 ud.,"3,55 €",,"0,30 €/ud",,Perfumería e Higiene,Higiene íntima,Compresas,https://static.carrefour.es/hd_510x_/img_pim_food/294008_00_1.jpg
https://www.carrefour.es/supermercado/preparado-lacteo-omega-3-puleva-sin-gluten-brik-1-l/R-521007052/p,Preparado lácteo Omega 3 Puleva sin gluten brik 1 l.,"1,79 €","1,69 €","1,79 €/l
- 10,74 €/6 uds.","1,69 €/l
- 10,14 €/6 uds.",La Despensa,Lácteos,Leche,https://static.carrefour.es/hd_510x_/img_pim_food/210777_00_1.jpg
https://www.carrefour.es/supermercado/te-en-bolsitas-yorkshire-tea-taylors-40-ud/R-prod260189/p,Té en bolsitas Yorkshire Tea Taylors 40 ud.,"5,19 €",,"41,52 €/kg",,La Despensa,Desayuno,Infusiones y Tés,https://static.carrefour.es/hd_510x_/img_pim_food/910986_00_1.jpg
https://www.carrefour.es/supermercado/salchichas-jumbo-de-pollo-oscar-mayer-sin-gluten-sin-lactosa-350-g/R-521033027/p,Salchichas Jumbo de pollo Oscar Mayer sin gluten sin lactosa 350 g.,"2,55 €",,"7,29 €/kg",,Productos Frescos,Charcutería,Salchichas,https://static.carrefour.es/hd_510x_/img_pim_food/480386_00_1.jpg
https://www.carrefour.es/supermercado/mini-galletas-trigo-espelta-ecologicas-carrefour-bio-250-g/R-VC4AECOMM-076268/p,Mini galletas trigo espelta ecológicas Carrefour Bio 250 g.,"2,29 €",,"9,16 €/kg",,La Despensa,Desayuno,Galletas,https://static.carrefour.es/hd_510x_/img_pim_food/076268_00_1.jpg
https://www.carrefour.es/supermercado/vino-blanco-verdejo-dama-del-lago-do-rueda-75-cl/R-715201942/p,Vino blanco verdejo Dama del Lago D.O. Rueda 75 cl.,"3,35 €",,"3,35 €/ud",,Bebidas,Vinos,Blanco,https://static.carrefour.es/hd_510x_/img_pim_food/484782_00_1.jpg
https://www.carrefour.es/supermercado/incienso-varillas-canela-ambar-20-ud/R-VC4AECOMM-104731/p,Incienso varillas canela Ambar 20 ud.,"1,13 €",,"0,06 €/ud",,Limpieza y Hogar,Ambientadores,Decorativos,https://static.carrefour.es/hd_510x_/img_pim_food/104731_00_1.jpg
https://www.carrefour.es/supermercado/pincho-moruno-de-cerdo-amarillo-carrefour-el-mercado-340-g/R-VC4AECOMM-058444/p,Pincho Moruno de Cerdo Amarillo Carrefour El Mercado 340 g,"3,00 €",,"8,82 €/kg",,Productos Frescos,Carnicería,Otras carnes,https://static.carrefour.es/hd_510x_/img_pim_food/058444_00_1.jpg
https://www.carrefour.es/supermercado/crackers-carrefour-250-g/R-521002659/p,Crackers Carrefour 250 g.,"0,99 €",,"3,96 €/kg",,La Despensa,"Panaderia, Bollería y Pastelería","Colines, picos y crakers",https://static.carrefour.es/hd_510x_/img_pim_food/507868_00_1.jpg
https://www.carrefour.es/supermercado/natillas-sustitutivas-sabor-vainilla-en-sobres-bimanan-beslim-6-ud/R-590512048/p,Natillas sustitutivas sabor vainilla en sobres Bimanán BeSlim 6 ud.,"16,09 €",,"6,19 €/100g",,Parafarmacia,Nutrición y Dietética,Batidos E Infusiones,https://static.carrefour.es/hd_510x_/img_pim_food/796027_00_1.jpg
https://www.carrefour.es/supermercado/hamburguesa-de-pollo-360-g/R-VC4AECOMM-497342/p,Hamburguesa de pollo 360 g,"3,39 €",,"9,42 €/kg",,Productos Frescos,Carnicería,Hamburguesas,https://static.carrefour.es/hd_510x_/img_pim_food/497342_00_1.jpg
https://www.carrefour.es/supermercado/champu-fortificante-para-pelo-fragil-con-tendencia-a-caerse-full-resist-loreal-elvive-370-ml/R-825202139/p,Champú fortificante para pelo frágil con tendencia a caerse full resist L'Oréal-Elvive 370 ml.,"4,75 €",,"1,25 €/100ml",,Perfumería e Higiene,Cabello,Champús,https://static.carrefour.es/hd_510x_/img_pim_food/959761_00_1.jpg
https://www.carrefour.es/supermercado/anis-dulce-altorreal-1-l/R-VC4AECOMM-497671/p,Anís dulce Altorreal 1 l.,"7,69 €",,"7,69 €/l",,Bebidas,Licores y Cremas,Anís y Chinchón,https://static.carrefour.es/hd_510x_/img_pim_food/497671_00_1.jpg
https://www.carrefour.es/supermercado/surtido-de-cebollas-para-ensalada-carrefour-500-g/R-602104534/p,Surtido de cebollas para ensalada Carrefour 500 g,"2,03 €",,"4,06 €/kg",,Productos Frescos,Verduras y hortalizas,"Patatas, Cebollas y Ajos",https://static.carrefour.es/hd_510x_/img_pim_food/795909_00_1.jpg
https://www.carrefour.es/supermercado/canela-molida-carmencita-160-g/R-546305776/p,Canela molida Carmencita 160 g.,"7,59 €",,"47,44 €/kg",,La Despensa,Alimentación,Especias y Sazonadores,https://static.carrefour.es/hd_510x_/img_pim_food/002145_00_1.jpg
https://www.carrefour.es/supermercado/finas-de-mar-sabor-al-ajillo-simply-175-g/R-VC4AECOMM-314592/p,Finas de Mar sabor al ajillo Simply 175 g,"1,65 €",,"9,43 €/kg",,Productos Frescos,Pescadería,Surimi y Elaborados,https://static.carrefour.es/hd_510x_/img_pim_food/314592_00_1.jpg
https://www.carrefour.es/supermercado/salsa-brava-sensation-carrefour-sin-gluten-315-g/R-VC4AECOMM-425638/p,Salsa brava Sensation Carrefour sin gluten 315 g.,"2,05 €",,"6,51 €/kg",,La Despensa,Alimentación,Salsas y Tomate Frito,https://static.carrefour.es/hd_510x_/img_pim_food/425638_00_1.jpg
https://www.carrefour.es/supermercado/complemento-vitamina-c-zinc-en-comprimidos-efervescentes-aquilea-14-comprimidos/R-prod211893/p,Complemento Vitamina C+ Zinc en comprimidos efervescentes Aquilea 14 comprimidos.,"10,79 €",,"12,85 €/100g",,Parafarmacia,Nutrición y Dietética,Complementos Vitamínicos,https://static.carrefour.es/hd_510x_/img_pim_food/097227_00_1.jpg
https://www.carrefour.es/supermercado/colines-integrales-carrefour-250-g/R-prod970952/p,Colines integrales Carrefour 250 g.,"0,85 €",,"3,40 €/kg",,La Despensa,"Panaderia, Bollería y Pastelería","Colines, picos y crakers",https://static.carrefour.es/hd_510x_/img_pim_food/061663_00_1.jpg
https://www.carrefour.es/supermercado/paleta-de-cebo-de-campo-iberica-50-raza-iberica-en-lonchas-ibersierra-sin-gluten-y-sin-lactosa-100-g/R-VC4AECOMM-032273/p,Paleta de Cebo de Campo Ibérica 50% Raza Ibérica en lonchas Ibersierra sin gluten y sin lactosa 100 g,"7,69 €",,"76,90 €/kg",,Productos Frescos,Charcutería,Jamón Serrano e Ibérico Envasado,https://static.carrefour.es/hd_510x_/img_pim_food/032273_00_1.jpg
https://www.carrefour.es/supermercado/lavavajillas-a-maquina-en-pastillas-ultimate-all-in-1-finish-powerball-70-ud/R-VC4AECOMM-259405/p,Lavavajillas a máquina en pastillas Ultimate All in 1 Finish Powerball 70 ud.,"26,00 €",,"0,37 €/lavado",,Limpieza y Hogar,Productos para Cocina,Lavavajillas a máquina,https://static.carrefour.es/hd_510x_/img_pim_food/259405_00_1.jpg
https://www.carrefour.es/supermercado/vela-perfumada-canela-carrefour-essential-1-ud/R-VC4AECOMM-547575/p,Vela perfumada canela Carrefour Essential 1 ud.,"1,79 €",,"1,79 €/ud",,Limpieza y Hogar,Ambientadores,Decorativos,https://static.carrefour.es/hd_510x_/img_pim_food/547575_00_1.jpg
https://www.carrefour.es/supermercado/talonera-piel-natural-carrefour-1-par/R-521001084/p,Talonera piel natural Carrefour 1 par.,"2,59 €",,"1,29 €/ud",,Limpieza y Hogar,Calzado,Plantillas de Calzado,https://static.carrefour.es/hd_510x_/img_pim_food/230053_00_1.jpg
https://www.carrefour.es/supermercado/pack-cepillo-medium-crf-4-und/R-526414129/p,PACK CEPILLO MEDIUM CRF 4 UND,"1,29 €",,"0,32 €/ud",,Perfumería e Higiene,Boca y Sonrisa,"Cepillos, Recambios y Accesorios",https://static.carrefour.es/hd_510x_/img_pim_food/283619_00_1.jpg
https://www.carrefour.es/supermercado/conos-con-helado-de-nata-y-galleta-oreo-4-ud/R-829118012/p,Conos con helado de nata y galleta Oreo 4 ud.,"5,45 €",,"1,36 €/ud",,Congelados,Helados,Conos,https://static.carrefour.es/hd_510x_/img_pim_food/963521_00_1.jpg
https://www.carrefour.es/supermercado/bolas-de-chocolate-crujiente-huesitos-balls-140-g/R-586201551/p,Bolas de chocolate crujiente Huesitos Balls 140 g.,"3,25 €",,"23,21 €/kg",,La Despensa,Dulce,Bombones y Chocolates,https://static.carrefour.es/hd_510x_/img_pim_food/302543_00_1.jpg
https://www.carrefour.es/supermercado/crema-de-noche-antiedad-elasticity-filler-eucerin-50-ml/R-prod65105/p,Crema de noche antiedad Elasticity + Filler Eucerin 50 ml.,"38,60 €",,"77,20 €/100ml",,Parafarmacia,Cuidado e higiene facial,Cremas faciales,https://static.carrefour.es/hd_510x_/img_pim_food/086206_00_1.jpg
https://www.carrefour.es/supermercado/estuche-de-vino-rosado-la-cave-daugustin-florent-rose-cotes-de-provence-3-l/R-prod64768/p,Estuche de vino rosado la cave d'augustin florent rose Côtes de Provence 3 l.,"18,09 €",,"18,09 €/ud",,,,,https://static.carrefour.es/hd_510x_/img_pim_food/954522_00_1.jpg
https://www.carrefour.es/supermercado/vino-do-toro-tinto-tempranillo-moralinos-75-cl/R-772505603/p,Vino D.O. Toro tinto tempranillo Moralinos 75 cl.,"4,89 €",,"4,89 €/ud",,Bebidas,Vinos,Tinto,https://static.carrefour.es/hd_510x_/img_pim_food/780240_00_1.jpg
https://www.carrefour.es/supermercado/tinte-retoca-raices-spray-instantaneo-castano-caoba-magic-retouch-loreal-paris-75-ml/R-VC4AECOMM-314568/p,Tinte retoca raíces spray instantáneo castaño caoba Magic Retouch L'Oreal Paris 75 ml.,"6,40 €",,"6,40 €/ud",,Perfumería e Higiene,Cabello,Tinte,https://static.carrefour.es/hd_510x_/img_pim_food/314568_00_1.jpg
https://www.carrefour.es/supermercado/refresco-sabor-limon-zero-carrefour-classic-lata-33-cl/R-VC4AECOMM-143300/p,Refresco sabor limón Zero Carrefour Classic' lata 33 cl.,"0,35 €",,"1,06 €/l
- 2,10 €/6 uds.",,Bebidas,Refrescos,Sabores con Gas,https://static.carrefour.es/hd_510x_/img_pim_food/143300_00_1.jpg
https://www.carrefour.es/supermercado/monster-energy-bebida-energetica-ultra-fiesta-mango-zero-azucar-lata-50-cl/R-VC4AECOMM-687230/p,Monster Energy Bebida Energética ultra fiesta mango zero azúcar lata 50 cl.,"1,45 €",,"2,90 €/l",,Bebidas,Refrescos,Energéticas,https://static.carrefour.es/hd_510x_/img_pim_food/687230_00_1.jpg
https://www.carrefour.es/supermercado/tonica-schweppes-con-toque-de-lima-premium-botella-20-cl/R-prod250806/p,Tónica Schweppes con toque de lima premium botella 20 cl.,"1,91 €",,"9,55 €/l",,Bebidas,Refrescos,Tónica,https://static.carrefour.es/hd_510x_/img_pim_food/291814_00_1.jpg
https://www.carrefour.es/supermercado/cebolla-simpl-2-kg/R-VC4AECOMM-462147/p,Cebolla Simpl 2 Kg,"2,50 €",,"1,25 €/kg",,Productos Frescos,Verduras y hortalizas,"Patatas, Cebollas y Ajos",https://static.carrefour.es/hd_510x_/img_pim_food/462147_00_1.jpg
https://www.carrefour.es/supermercado/curcuma-carrefour-45-g/R-prod810107/p,Cúrcuma Carrefour 45 g.,"0,98 €",,"21,78 €/kg",,La Despensa,Alimentación,Especias y Sazonadores,https://static.carrefour.es/hd_510x_/img_pim_food/992323_00_1.jpg
https://www.carrefour.es/supermercado/yogur-griego-natural-albe-500-g/R-814300793/p,Yogur griego natural Albe 500 g.,"3,09 €",,"6,18 €/kg",,La Despensa,Yogures y Postres,Yogures Griegos y Enriquecidos,https://static.carrefour.es/hd_510x_/img_pim_food/939942_00_1.jpg
https://www.carrefour.es/supermercado/vinagre-balsamico-de-modena-carrefour-250-ml/R-715505618/p,Vinagre balsámico de módena Carrefour 250 ml.,"1,35 €",,"5,40 €/l",,La Despensa,Alimentación,Aceites y vinagres,https://static.carrefour.es/hd_510x_/img_pim_food/410276_00_1.jpg
https://www.carrefour.es/supermercado/cava-codorniu-semi-seco-ecologico-docava-75-cl/R-VC4AECOMM-561859/p,Codorniu Cuveé Original,"7,79 €",,"7,79 €/ud",,Bebidas,Cava y champagne,Cavas,https://static.carrefour.es/hd_510x_/img_pim_food/561859_00_1.jpg
https://www.carrefour.es/supermercado/preparado-de-soja-natural-alpro-sin-gluten-y-sin-lactosa-pack-de-4-unidades-de-125-g/R-prod731046/p,Preparado de soja natural Alpro sin gluten y sin lactosa pack de 4 unidades de 125 g.,"2,85 €",,"5,70 €/kg",,La Despensa,Yogures y Postres,Vegetal,https://static.carrefour.es/hd_510x_/img_pim_food/855990_00_1.jpg
https://www.carrefour.es/supermercado/galletas-para-perro-pedigree-biscrock-500-g/R-521007906/p,Galletas para perro Pedigree Biscrock 500 g.,"2,75 €",,"5,50 €/kg",,Mascotas,Perros,"Premios, Snacks y Huesos",https://static.carrefour.es/hd_510x_/img_pim_food/074210_00_1.jpg
https://www.carrefour.es/supermercado/te-negro-en-bolsitas-tetley-40-ud/R-590209529/p,Té negro en bolsitas Tetley 40 ud.,"5,05 €",,"40,40 €/kg",,La Despensa,Desayuno,Infusiones y Tés,https://static.carrefour.es/hd_510x_/img_pim_food/261396_00_1.jpg
https://www.carrefour.es/supermercado/papel-higienico-acolchado-carrefour-9-rollos/R-prod810340/p,Papel higiénico acolchado Carrefour 9 rollos.,"6,15 €",,"0,68 €/ud",,Limpieza y Hogar,Papel y Celulosa,Papel Higiénico,https://static.carrefour.es/hd_510x_/img_pim_food/073775_00_1.jpg
https://www.carrefour.es/supermercado/pinza-de-depilar-punta-sesgada-beter-1-ud/R-729124690/p,Pinza de depilar punta sesgada Beter 1 ud.,"5,89 €",,"5,89 €/ud",,Perfumería e Higiene,Cosmética,Accesorios de Maquillaje y Manicura y Pedicura,https://static.carrefour.es/hd_510x_/img_pim_food/675792_00_1.jpg
https://www.carrefour.es/supermercado/cinta-dental-con-fluor-y-menta-vitis-2-ud/R-805066356/p,Cinta dental con fluor y menta Vitis 2 ud.,"10,75 €",,"5,37 €/ud",,Parafarmacia,Higiene Bucal,Cepillos y Seda,https://static.carrefour.es/hd_510x_/img_pim_food/906165_00_1.jpg
https://www.carrefour.es/supermercado/zumo-de-fruta-y-leche-carrefour-mediterraneo-pack-de-3-briks-de-33-cl/R-800766416/p,Zumo de fruta y leche Carrefour Mediterráneo pack de 3 briks de 33 cl.,"0,99 €",,"1,00 €/l",,Bebidas,Aguas y Zumos,Zumos no Refrigerados,https://static.carrefour.es/hd_510x_/img_pim_food/902190_00_1.jpg
https://www.carrefour.es/supermercado/tomate-frito-orlando-sin-gluten-brik-350-g/R-521005200/p,Tomate frito Orlando sin gluten brik 350 g.,"1,05 €",,"3,00 €/kg",,La Despensa,Alimentación,Salsas y Tomate Frito,https://static.carrefour.es/hd_510x_/img_pim_food/002204_00_1.jpg
https://www.carrefour.es/supermercado/aceite-de-oliva-virgen-extra-ecologico-coosur-1-l/R-prod971591/p,Aceite de oliva virgen extra ecológico Coosur 1 l.,"13,99 €",,"13,99 €/l",,La Despensa,Alimentación,Aceites y vinagres,https://static.carrefour.es/hd_510x_/img_pim_food/065623_00_1.jpg
https://www.carrefour.es/supermercado/detergente-en-polvo-limpieza-profunda-wipp-express-80-lavados/R-VC4AECOMM-179103/p,Detergente en polvo limpieza profunda Wipp Express 80 lavados.,"28,80 €",,"0,36 €/lavado",,Limpieza y Hogar,Cuidado de la Ropa,Detergentes,https://static.carrefour.es/hd_510x_/img_pim_food/179103_00_1.jpg
https://www.carrefour.es/supermercado/fregona-de-tiras-algodon-vileda-universal/R-609800762/p,Fregona de Tiras Algodón VILEDA Universal,"3,29 €",,"3,29 €/ud",,Limpieza y Hogar,Utensilios de Limpieza,Fregonas,https://static.carrefour.es/hd_510x_/img_pim_food/127487_00_1.jpg
https://www.carrefour.es/supermercado/te-verde-con-limon-en-bolsitas-carrefour-30-ud/R-prod690061/p,Té verde con limón en bolsitas Carrefour 30 ud.,"1,80 €",,"40,00 €/kg",,La Despensa,Desayuno,Infusiones y Tés,https://static.carrefour.es/hd_510x_/img_pim_food/847132_00_1.jpg
https://www.carrefour.es/supermercado/tomate-triturado-con-cebolla-carrefour-390-g/R-666701699/p,Tomate triturado con cebolla Carrefour 390 g.,"1,06 €",,"2,72 €/kg",,La Despensa,"Conservas, Sopas y Precocinados",Conservas de Tomate,https://static.carrefour.es/hd_510x_/img_pim_food/325363_00_1.jpg
https://www.carrefour.es/supermercado/smoothie-verde-greatest-hits-botella-25-cl/R-VC4AECOMM-502386/p,Smoothie verde Greatest Hits botella 25 cl.,"3,05 €",,"12,20 €/l",,Bebidas,Aguas y Zumos,Zumos Refrigerados,https://static.carrefour.es/hd_510x_/img_pim_food/502386_00_1.jpg
https://www.carrefour.es/supermercado/cafe-en-capsulas-ristretto-bonka-nescafe-dolce-gusto-16-ud/R-618405100/p,Café en Cápsulas Ristretto Bonka Nescafé Dolce Gusto 16 ud.,"5,45 €",,"55,05 €/kg",,La Despensa,Desayuno,Cafés,https://static.carrefour.es/hd_510x_/img_pim_food/375871_00_1.jpg
https://www.carrefour.es/supermercado/apositos-ampollas-dedos-pies-compeed-8-ud/R-590507786/p,Apósitos ampollas dedos pies Compeed 8 ud.,"9,05 €",,"1,13 €/ud",,Parafarmacia,Botiquín,Apósitos y Gasas,https://static.carrefour.es/hd_510x_/img_pim_food/543722_00_1.jpg
https://www.carrefour.es/supermercado/hamburguesa-de-vacuno-gruesa-sin-gluten-y-sin-lactosa-carrefour-el-mercado-2x180-g/R-VC4AECOMM-479493/p,Hamburguesa de vacuno gruesa sin gluten y sin lactosa Carrefour El Mercado 2x180 g,"3,99 €",,"11,08 €/kg",,Productos Frescos,Carnicería,Hamburguesas,https://static.carrefour.es/hd_510x_/img_pim_food/479493_00_1.jpg
https://www.carrefour.es/supermercado/melocoton-en-almibar-en-mitades-vencerol-700-g/R-526539151/p,Melocotón en almíbar en mitades Vencerol 700 g.,"2,79 €",,"3,99 €/kg",,La Despensa,"Conservas, Sopas y Precocinados",Conservas de Frutas,https://static.carrefour.es/hd_510x_/img_pim_food/718887_00_1.jpg
https://www.carrefour.es/supermercado/macarrones-carrefour-500-g/R-544101816/p,Macarrones Carrefour 500 g.,"0,78 €",,"1,56 €/kg",,La Despensa,Alimentación,Pastas,https://static.carrefour.es/hd_510x_/img_pim_food/229760_00_1.jpg
https://www.carrefour.es/supermercado/whisky-ballantines-escoces-70-cl/R-521028329/p,Whisky Ballantine's escocés 70 cl.,"13,75 €",,"19,64 €/l",,Bebidas,Alcoholes,Whisky y Bourbon,https://static.carrefour.es/hd_510x_/img_pim_food/000312_00_1.jpg
https://www.carrefour.es/supermercado/molletes-de-pan-integral-para-hornear-o-tostar-carrefour-pack-de-2-unidades-de-100-g/R-fprod1420111/p,Molletes de pan integral para hornear o tostar Carrefour pack de 2 unidades de 100 g,"1,61 €",,"8,05 €/kg",,La Despensa,"Panaderia, Bollería y Pastelería",Especialidades de pan,https://static.carrefour.es/hd_510x_/img_pim_food/366803_00_1.jpg
https://www.carrefour.es/supermercado/chorizo-iberico-de-bellota-de-vela-100-raza-iberica-vela-sanchez-romero-carvajal-sin-gluten-200-g/R-VC4AECOMM-605979/p,Chorizo ibérico de bellota de vela 100% raza ibérica Vela Sánchez Romero Carvajal sin gluten 200 g,"10,09 €",,"50,45 €/kg",,Productos Frescos,Charcutería,"Chorizo, Lomo y Otros",https://static.carrefour.es/hd_510x_/img_pim_food/605979_00_1.jpg
https://www.carrefour.es/supermercado/bola-efervescente-con-aroma-becasan-nature-1-ud/R-VC4AECOMM-477462/p,Bola efervescente con aroma Becasan Nature 1 ud.,"2,45 €",,"13,61 €/kg",,Perfumería e Higiene,Baño e Higiene Corporal,Sales de Baño,https://static.carrefour.es/hd_510x_/img_pim_food/477462_00_1.jpg
https://www.carrefour.es/supermercado/limpiador-de-bano-antical-ecologico-eco-planet-carrefour-750-ml/R-VC4AECOMM-450404/p,Limpiador de baño antical ecológico Eco Planet Carrefour 750 ml.,"1,93 €",,"2,57 €/l",,Limpieza y Hogar,Productos para Baño,Limpiadores Antical Baño,https://static.carrefour.es/hd_510x_/img_pim_food/450404_00_1.jpg
https://www.carrefour.es/supermercado/berenjena-carrefour-simply-2-kg/R-VC4AECOMM-138143/p,Berenjena Carrefour Simply 2 kg,"3,29 €",,"1,64 €/kg",,Productos Frescos,Verduras y hortalizas,Hortalizas,https://static.carrefour.es/hd_510x_/img_pim_food/138143_00_1.jpg
https://www.carrefour.es/supermercado/picos-camperos-carrefour-el-mercado-500-g/R-prod731255/p,Picos camperos Carrefour El Mercado 500 g,"2,69 €",,"5,38 €/kg",,La Despensa,"Panaderia, Bollería y Pastelería","Colines, picos y crakers",https://static.carrefour.es/hd_510x_/img_pim_food/856348_00_1.jpg
https://www.carrefour.es/supermercado/dentifrico-carbon-max-white-colgate-75-cl/R-fprod1220104/p,Dentífrico carbón Max White Colgate 75 cl.,"3,49 €",,"4,65 €/100ml",,Perfumería e Higiene,Boca y Sonrisa,Dentífricos,https://static.carrefour.es/hd_510x_/img_pim_food/271708_00_1.jpg
https://www.carrefour.es/supermercado/picatostes-fritos-sabor-a-ajo-carrefour-75-g/R-760342171/p,Picatostes fritos sabor a ajo Carrefour 75 g.,"0,64 €",,"8,53 €/kg",,La Despensa,"Panaderia, Bollería y Pastelería","Pan tostado, Biscottes y Barritas",https://static.carrefour.es/hd_510x_/img_pim_food/752118_00_1.jpg
https://www.carrefour.es/supermercado/sazonador-para-pollo-carmencita-sin-gluten-75-g/R-521005093/p,Sazonador para pollo Carmencita sin gluten 75 g.,"2,35 €",,"31,33 €/kg",,La Despensa,Alimentación,Especias y Sazonadores,https://static.carrefour.es/hd_510x_/img_pim_food/002194_00_1.jpg
https://www.carrefour.es/supermercado/cepillo-dental-interdental-11-mini-interprox-14-ud/R-prod67243/p,Cepillo dental interdental 1.1 mini Interprox 14 ud.,"12,39 €",,"0,88 €/ud",,Parafarmacia,Higiene Bucal,Cepillos y Seda,https://static.carrefour.es/hd_510x_/img_pim_food/974152_00_1.jpg
https://www.carrefour.es/supermercado/dentifrico-original-24h-de-proteccion-completa-total-colgate-75-ml/R-prod1022624/p,Dentífrico original 24h de protección completa Total Colgate 75 ml.,"2,45 €",,"3,27 €/100ml",,Perfumería e Higiene,Boca y Sonrisa,Dentífricos,https://static.carrefour.es/hd_510x_/img_pim_food/098496_00_1.jpg
https://www.carrefour.es/supermercado/vino-tinto-roble-pinna-fidelis-do-ribera-del-duero-75-cl/R-786104914/p,Pinna Fidelis Roble Tinto Joven 2022,"9,05 €",,"9,05 €/ud",,Bebidas,Vinos,Tinto,https://static.carrefour.es/hd_510x_/img_pim_food/778860_00_1.jpg
https://www.carrefour.es/supermercado/galletas-con-topping-de-cereales-y-chocolate-blanco-choco-flakes-cuetara-doy-pack-100-g/R-VC4AECOMM-348993/p,Galletas con topping de cereales y chocolate blanco Choco Flakes Cuétara doy pack 100 g.,"1,99 €",,"19,90 €/kg",,La Despensa,Desayuno,Galletas,https://static.carrefour.es/hd_510x_/img_pim_food/348993_00_1.jpg
https://www.carrefour.es/supermercado/laca-fijacion-fuerte-nelly-600-ml/R-520663395/p,Laca fijación fuerte Nelly 600 ml.,"3,55 €",,"0,59 €/100ml",,Perfumería e Higiene,Cabello,Fijadores,https://static.carrefour.es/hd_510x_/img_pim_food/578905_00_1.jpg
https://www.carrefour.es/supermercado/vinagre-balsamico-gourmet-de-trufa-vulpi-400-ml/R-828922473/p,Vinagre balsámico gourmet de trufa Vulpi 400 ml.,"2,25 €",,"5,62 €/l",,La Despensa,Alimentación,Aceites y vinagres,https://static.carrefour.es/hd_510x_/img_pim_food/964090_00_1.jpg
https://www.carrefour.es/supermercado/aceitunas-verdes-rellenas-de-anchoa-carrefour-150-g/R-VC4AECOMM-441966/p,Aceitunas verdes rellenas de anchoa Carrefour 150 g.,"0,96 €",,"6,40 €/kg",,La Despensa,Aperitivos,Aceitunas y Encurtidos,https://static.carrefour.es/hd_510x_/img_pim_food/441966_00_1.jpg
https://www.carrefour.es/supermercado/ginger-ale-schweppes-botella-1-l/R-589802658/p,Ginger Ale Schweppes botella 1 l.,"2,15 €",,"2,15 €/l",,Bebidas,Refrescos,Bitter y Ginger Ale,https://static.carrefour.es/hd_510x_/img_pim_food/271035_00_1.jpg
https://www.carrefour.es/supermercado/crema-depilatoria-aloe-vera-y-manteca-de-karite-pieles-sensibles-carrefour-soft-100-ml/R-VC4AECOMM-533982/p,Crema depilatoria aloe vera y manteca de karité pieles sensibles Carrefour Soft 100 ml.,"3,55 €",,"3,55 €/100ml",,Perfumería e Higiene,Depilación y Afeitado,Depilación,https://static.carrefour.es/hd_510x_/img_pim_food/533982_00_1.jpg
https://www.carrefour.es/supermercado/maquinilla-afeitar-desechable-triple-hoja-xtreme-iii-wilkinson-8-ud/R-521000930/p,Maquinilla afeitar desechable triple hoja Xtreme III Wilkinson 8 ud.,"11,50 €",,"1,44 €/ud",,Perfumería e Higiene,Depilación y Afeitado,Maquinillas y Recambios,https://static.carrefour.es/hd_510x_/img_pim_food/346234_00_1.jpg
https://www.carrefour.es/supermercado/zumo-de-frutas-y-leche-carrefour-sabor-mediterraneo-brik-1-l/R-799715338/p,Zumo de frutas y leche Carrefour sabor mediterráneo brik 1 l.,"0,95 €",,"0,95 €/l",,Bebidas,Aguas y Zumos,Zumos no Refrigerados,https://static.carrefour.es/hd_510x_/img_pim_food/902171_00_1.jpg
https://www.carrefour.es/supermercado/cerveza-free-damm-lager-00-sin-alcohol-con-limon-sin-gluten-lata-33-cl/R-520661360/p,"Cerveza Free Damm Lager 0,0 sin alcohol con limón sin gluten lata 33 cl.","0,74 €",,"2,24 €/l
- 4,44 €/6 uds.",,Bebidas,Cerveza,"Radler, Clara",https://static.carrefour.es/hd_510x_/img_pim_food/722416_00_1.jpg
https://www.carrefour.es/supermercado/compresas-ultra-finas-normal-con-alas-28-ud/R-VC4AECOMM-506027/p,Compresas ultra finas normal con alas 28 ud.,"1,85 €",,"0,07 €/ud",,Perfumería e Higiene,Higiene íntima,Compresas,https://static.carrefour.es/hd_510x_/img_pim_food/506027_00_1.jpg
https://www.carrefour.es/supermercado/helado-proteina-platano-con-brownie-carrefour-sensation-sin-azucar-anadido-300-g/R-VC4AECOMM-329084/p,Helado proteína plátano con brownie Carrefour Sensation sin azúcar añadido 300 g.,"3,19 €",,"10,63 €/kg",,Congelados,Helados,Tarrinas,https://static.carrefour.es/hd_510x_/img_pim_food/329084_00_1.jpg
https://www.carrefour.es/supermercado/ambientador-electrico-fragancia-a-orquidea-y-vainilla-essential-oils-recambio-air-wick-1-ud/R-VC4AECOMM-678024/p,Ambientador eléctrico fragancia a orquídea y vainilla Essential Oils recambio Air Wick 1 ud.,"5,69 €",,"5,69 €/ud",,Limpieza y Hogar,Ambientadores,Eléctricos,https://static.carrefour.es/hd_510x_/img_pim_food/678024_00_1.jpg
https://www.carrefour.es/supermercado/cafe-ristretto-descafeinado-en-capsulas-lor-espresso-compatible-con-nespresso-10-unidades-de-52-g/R-prod160056/p,"Café ristretto descafeinado en cápsulas L'Or Espresso compatible con Nespresso 10 unidades de 5,2 g.","3,95 €",,"75,96 €/kg",,La Despensa,Desayuno,Cafés,https://static.carrefour.es/hd_510x_/img_pim_food/234840_00_1.jpg
https://www.carrefour.es/supermercado/ramen-noodles-itsu-250-g/R-VC4AECOMM-359389/p,Ramen noodles Itsu 250 g.,"2,69 €",,"10,76 €/kg",,La Despensa,Alimentación,Pastas,https://static.carrefour.es/hd_510x_/img_pim_food/359389_00_1.jpg
https://www.carrefour.es/supermercado/crema-analgesica-antiinflamatoria-fisiocrem-60-ml/R-prod231508/p,Crema analgésica antiinflamatoria Fisiocrem 60 ml.,"11,19 €",,"18,65 €/100ml",,Parafarmacia,Botiquín,Alivio del Dolor,https://static.carrefour.es/hd_510x_/img_pim_food/953279_00_1.jpg
https://www.carrefour.es/supermercado/cacahuete-cascara-tostado-carrefour-350-g-aprox/R-VC4AECOMM-097354/p,Cacahuete cascara tostado Carrefour 350 g aprox,"1,78 €",,"5,09 €/kg",,La Despensa,Aperitivos,Frutos Secos,https://static.carrefour.es/hd_510x_/img_pim_food/097354_00_1.jpg
https://www.carrefour.es/supermercado/mermelada-de-arandano-categoria-extra-carrefour-410-g/R-521008382/p,Mermelada de arándano categoría extra Carrefour 410 g.,"2,69 €",,"6,56 €/kg",,La Despensa,Dulce,"Mermeladas, Membrillos y Compotas",https://static.carrefour.es/hd_510x_/img_pim_food/376318_00_1.jpg
https://www.carrefour.es/supermercado/rollitos-de-maiz-sabor-lima-picante-takis-140-g/R-837010552/p,Rollitos de maíz sabor lima picante Takis 140 g.,"2,45 €",,"17,50 €/kg",,La Despensa,Aperitivos,Snacks,https://static.carrefour.es/hd_510x_/img_pim_food/974636_00_1.jpg
https://www.carrefour.es/supermercado/fabes-con-almejas-litoral-sin-gluten-440-g/R-521006705/p,Fabes con almejas Litoral sin gluten 440 g.,"5,05 €",,"11,48 €/kg",,La Despensa,"Conservas, Sopas y Precocinados",Platos Tradicionales,https://static.carrefour.es/hd_510x_/img_pim_food/688355_00_1.jpg
https://www.carrefour.es/supermercado/masa-hojaldre-rectangular-buitoni-sin-lactosa-230-g/R-745416204/p,Masa hojaldre rectangular Buitoni sin lactosa 230 g.,"2,29 €",,"9,96 €/kg",,La Despensa,"Conservas, Sopas y Precocinados",Masa Fresca y Bases,https://static.carrefour.es/hd_510x_/img_pim_food/742010_00_1.jpg
https://www.carrefour.es/supermercado/garbanzo-baby-cocido-don-pedro-400-g/R-prod460002/p,Garbanzo baby cocido Don Pedro 400 g.,"1,87 €",,"4,67 €/kg",,La Despensa,Alimentación,Legumbres,https://static.carrefour.es/hd_510x_/img_pim_food/826299_00_1.jpg
https://www.carrefour.es/supermercado/biberon-anticolico-tetina-de-silicona-flujo-4-3m-natural-response-philips-avent-330-ml/R-VC4AECOMM-214743/p,Biberón anticólico tetina de silicona flujo 4 3m+ Natural Response Philips Avent 330 ml.,"10,89 €",,"10,89 €/ud",,Parafarmacia,Bebé,Puericultura,https://static.carrefour.es/hd_510x_/img_pim_food/214743_00_1.jpg
https://www.carrefour.es/supermercado/serum-anti-edad-revitalift-laser-x3-loreal-revitalift-30-ml/R-673001684/p,Serum anti-edad Revitalift Láser X3 L'Oréal-Revitalift 30 ml.,"21,99 €",,"73,30 €/100ml",,Perfumería e Higiene,Cuidado y Protección Corporal,Piel,https://static.carrefour.es/hd_510x_/img_pim_food/004291_00_1.jpg
https://www.carrefour.es/supermercado/gel-de-ducha-original-moussel-650-ml/R-521000619/p,Gel de ducha original Moussel 650 ml.,"3,99 €",,"0,61 €/100ml",,Perfumería e Higiene,Baño e Higiene Corporal,Geles de Baño,https://static.carrefour.es/hd_510x_/img_pim_food/707928_00_1.jpg
https://www.carrefour.es/supermercado/chocolate-con-leche-y-oreo-milka-100-g/R-624903444/p,Chocolate con leche y oreo Milka 100 g.,"1,55 €",,"15,50 €/kg",,La Despensa,Dulce,Bombones y Chocolates,https://static.carrefour.es/hd_510x_/img_pim_food/800240_00_1.jpg
https://www.carrefour.es/supermercado/bebida-de-avena-baristas-alpro-sin-lactosa-y-sin-azucar-anadido-750-ml/R-VC4AECOMM-322733/p,Bebida de avena Baristas Alpro sin lactosa y sin azúcar añadido 750 ml,"2,29 €",,"3,05 €/l",,La Despensa,Lácteos,Bebida Vegetal,https://static.carrefour.es/hd_510x_/img_pim_food/322733_00_1.jpg
https://www.carrefour.es/supermercado/pina-del-monte-zero-pieza-2-kg-aprox/R-616401668/p,Piña del Monte zero pieza 2 Kg aprox,"4,68 €","3,78 €","2,34 €/kg","1,89 €/kg",Productos Frescos,Frutas,"Piñas, Kiwis, Aguacates y Tropicales",https://static.carrefour.es/hd_510x_/img_pim_food/017004_00_1.jpg
https://www.carrefour.es/supermercado/empanadillas-de-cochinillo-y-cerdo-extra-carrefour-420-g/R-VC4AECOMM-424290/p,Empanadillas de cochinillo y cerdo Extra Carrefour 420 g.,"2,99 €",,"7,12 €/kg",,Congelados,Rebozados y Platos Preparados,,https://static.carrefour.es/hd_510x_/img_pim_food/424290_00_1.jpg
https://www.carrefour.es/supermercado/gel-syndet-hidratante-ureadin-1000-ml/R-645206842/p,Gel Syndet hidratante Ureadin 1000 ml.,"21,70 €",,"2,17 €/100ml",,Parafarmacia,Cuidado corporal,Jabones y Geles,https://static.carrefour.es/hd_510x_/img_pim_food/552594_00_1.jpg
https://www.carrefour.es/supermercado/solomillo-de-pollo-extra-carrefour-400-g-aprox/R-521032649/p,Solomillo de pollo extra Carrefour 400 g aprox,"3,26 €",,"8,15 €/kg",,Productos Frescos,Carnicería,Aves y Pollo,https://static.carrefour.es/hd_510x_/img_pim_food/711588_00_1.jpg
https://www.carrefour.es/supermercado/pulsera-antimosquitos-citronela-talla-s-carrefour-expert-1-ud/R-VC4AECOMM-094981/p,Pulsera antimosquitos citronela talla S Carrefour Expert 1 ud.,"1,82 €",,"1,82 €/ud",,Limpieza y Hogar,Productos para toda la casa,Insecticidas,https://static.carrefour.es/hd_510x_/img_pim_food/094981_00_1.jpg
https://www.carrefour.es/supermercado/bolsita-de-platano-y-manzana-desde-4-meses-nestle-sin-gluten-y-sin-azucar-anadido-pack-de-4-unidades-de-90-g/R-fprod1280130/p,Bolsita de plátano y manzana desde 4 meses Nestlé sin gluten y sin azúcar añadido pack de 4 unidades de 90 g.,"4,99 €",,"13,86 €/kg",,Bebé,Alimentación infantil,"Postres, Zumos, Petit y Yogures Infantiles",https://static.carrefour.es/hd_510x_/img_pim_food/327750_00_1.jpg
https://www.carrefour.es/supermercado/harina-para-pan-rustico-carrefour-1-kg/R-fprod1280503/p,Harina para pan rústico Carrefour 1 kg.,"2,79 €",,"2,79 €/kg",,La Despensa,Alimentación,Harinas y Levaduras,https://static.carrefour.es/hd_510x_/img_pim_food/330864_00_1.jpg
https://www.carrefour.es/supermercado/jamon-de-cebo-iberico-50-raza-iberica-en-lonchas-circulo-de-calidad-80-g/R-531731268/p,Jamón de Cebo Ibérico 50% Raza Ibérica en lonchas Círculo de Calidad 80 g,"6,15 €",,"76,87 €/kg",,Productos Frescos,Charcutería,Jamón Serrano e Ibérico Envasado,https://static.carrefour.es/hd_510x_/img_pim_food/169157_00_1.jpg
https://www.carrefour.es/supermercado/chocolate-suizo-con-leche-premium-lindt-300-g/R-521012607/p,Chocolate suizo con leche premium Lindt 300 g.,"8,15 €",,"27,17 €/kg",,La Despensa,Dulce,Bombones y Chocolates,https://static.carrefour.es/hd_510x_/img_pim_food/045392_00_1.jpg
https://www.carrefour.es/supermercado/queso-de-mezcla-semicurado-canada-mayor-250-g/R-VC4AECOMM-199266/p,Queso de mezcla semicurado Cañada Mayor 250 g.,"4,48 €",,"17,92 €/kg",,Productos Frescos,Quesos,Semicurado,https://static.carrefour.es/hd_510x_/img_pim_food/199266_00_1.jpg
https://www.carrefour.es/supermercado/crema-nutritiva-para-el-cabello-rizos-con-movimiento-pantene-pro-v-235-ml/R-VC4AECOMM-119119/p,Crema nutritiva para el cabello rizos con movimiento Pantene Pro-V 235 ml.,"11,19 €",,"4,76 €/100ml",,Perfumería e Higiene,Cabello,Fijadores,https://static.carrefour.es/hd_510x_/img_pim_food/119119_00_1.jpg
https://www.carrefour.es/supermercado/pisto-fritada-de-verduras-hida-350-g/R-521006763/p,Pisto fritada de verduras Hida 350 g.,"2,25 €",,"6,43 €/kg",,La Despensa,Alimentación,Salsas y Tomate Frito,https://static.carrefour.es/hd_510x_/img_pim_food/686919_00_1.jpg
https://www.carrefour.es/supermercado/confitura-de-melocoton-bonne-maman-370-g/R-590201597/p,Confitura de melocotón Bonne Maman 370 g.,"3,35 €",,"9,05 €/kg",,La Despensa,Dulce,"Mermeladas, Membrillos y Compotas",https://static.carrefour.es/hd_510x_/img_pim_food/027637_00_1.jpg
https://www.carrefour.es/supermercado/caldo-de-pollo-en-cacitos-knorr-sin-gluten-pack-de-4-unidades-de-28-g/R-809534282/p,Caldo de pollo en cacitos Knorr sin gluten pack de 4 unidades de 28 g.,"2,45 €",,"21,87 €/kg",,La Despensa,"Conservas, Sopas y Precocinados","Caldos, Sopas y Pure",https://static.carrefour.es/hd_510x_/img_pim_food/935764_00_1.jpg
https://www.carrefour.es/supermercado/colutorio-bucal-tratamiento-periodontal-perio-aid-500-ml/R-590508796/p,Colutorio bucal tratamiento periodontal Perio-Aid 500 ml.,"11,15 €",,"2,23 €/100ml",,Parafarmacia,Higiene Bucal,Colutorio,https://static.carrefour.es/hd_510x_/img_pim_food/554565_00_1.jpg
https://www.carrefour.es/supermercado/macarron-integral-ecologico-carrefour-bio-500-g/R-VC4AECOMM-474670/p,Macarrón integral ecológico Carrefour Bio 500 g.,"1,58 €",,"3,16 €/kg",,La Despensa,Alimentación,Pastas,https://static.carrefour.es/hd_510x_/img_pim_food/474670_00_1.jpg
https://www.carrefour.es/supermercado/galletas-de-barquillo-rellenas-de-crema-de-chocolate-zero-gullon-sin-azucares-180-g/R-VC4AECOMM-554956/p,Galletas de barquillo rellenas de crema de chocolate Zero Gullón sin azúcares 180 g.,"2,09 €",,"11,61 €/kg",,La Despensa,Desayuno,Galletas,https://static.carrefour.es/hd_510x_/img_pim_food/554956_00_1.jpg
https://www.carrefour.es/supermercado/paleta-de-cebo-iberica-50-raza-iberica-en-lonchas-nobleza-extremena-sin-gluten-y-sin-lactosa-100-g/R-687013420/p,Paleta de Cebo Ibérica 50% Raza Ibérica en lonchas Nobleza Extremeña sin gluten y sin lactosa 100 g,"5,85 €",,"58,50 €/kg",,Productos Frescos,Charcutería,Jamón Serrano e Ibérico Envasado,https://static.carrefour.es/hd_510x_/img_pim_food/078160_00_1.jpg
https://www.carrefour.es/supermercado/alcachofa-comprimidos-sanon-180-ud/R-595501947/p,Alcachofa comprimidos Sanon 180 ud.,"9,89 €",,"12,36 €/100g",,Parafarmacia,Nutrición y Dietética,Tratamientos Naturales,https://static.carrefour.es/hd_510x_/img_pim_food/351193_00_1.jpg
https://www.carrefour.es/supermercado/pizza-vegetariana-con-queso-de-cabra-y-cebolla-asada-campofrio-vegalia-360-g/R-VC4AECOMM-677380/p,Pizza vegetariana con queso de cabra y cebolla asada Campofrío Vegalia 360 g.,"3,15 €",,"8,75 €/kg",,La Despensa,"Conservas, Sopas y Precocinados",Pizzas,https://static.carrefour.es/hd_510x_/img_pim_food/677380_00_1.jpg
https://www.carrefour.es/supermercado/ensalada-iberica-carrefour-100-g/R-711901733/p,Ensalada Ibérica Carrefour 100 g,"1,42 €",,"14,20 €/kg",,Productos Frescos,Verduras y hortalizas,Ensaladas y Verduras Preparadas,https://static.carrefour.es/hd_510x_/img_pim_food/037590_00_1.jpg
https://www.carrefour.es/supermercado/fideo-cabellin-carrefour-500-g/R-544101818/p,Fideo cabellín Carrefour 500 g.,"0,79 €",,"1,58 €/kg",,La Despensa,Alimentación,Pastas,https://static.carrefour.es/hd_510x_/img_pim_food/229799_00_1.jpg
https://www.carrefour.es/supermercado/salchichas-cocidas-y-ahumadas-de-pavo-carrefour-200-g/R-521031143/p,Salchichas cocidas y ahumadas de pavo Carrefour 200 g.,"0,81 €",,"4,05 €/kg",,Productos Frescos,Charcutería,Salchichas,https://static.carrefour.es/hd_510x_/img_pim_food/404956_00_1.jpg
https://www.carrefour.es/supermercado/empanada-gourmet-de-carne-carrefour-1-kg/R-prod75423/p,Empanada gourmet de carne Carrefour 1 kg,"9,99 €",,"9,99 €/ud",,Productos Frescos,Panadería Tradicional,Empanadas y hojaldres,https://static.carrefour.es/hd_510x_/img_pim_food/288521_00_1.jpg
https://www.carrefour.es/supermercado/champu-repara-y-protege-para-pelo-seco-y-danado-pro-v-pantene-625-ml/R-VC4AECOMM-504919/p,Champú repara y protege para pelo seco y dañado Pro-V Pantene 625 ml.,"7,99 €",,"1,28 €/100ml",,Perfumería e Higiene,Cabello,Champús,https://static.carrefour.es/hd_510x_/img_pim_food/504919_00_1.jpg
https://www.carrefour.es/supermercado/limpiador-de-tuberias-ecologico-carrefour-1-l/R-fprod1460557/p,Limpiador de tuberías ecológico Carrefour 1 l.,"3,79 €",,"3,79 €/l",,Limpieza y Hogar,Productos para Baño,Desatascadores y limpia tuberías,https://static.carrefour.es/hd_510x_/img_pim_food/400433_00_1.jpg
https://www.carrefour.es/supermercado/queso-curado-tierra-de-tradicion-pieza-11-kg/R-VC4AECOMM-183992/p,"Queso curado Tierra de Tradición pieza 1,1 kg.","15,19 €","10,95 €","13,81 €/kg","9,95 €/kg",Productos Frescos,Quesos,Curado,https://static.carrefour.es/hd_510x_/img_pim_food/183992_00_1.jpg
https://www.carrefour.es/supermercado/tomate-frito-carrefour-tarro-550-g/R-600805291/p,Tomate frito Carrefour tarro 550 g.,"0,83 €",,"1,51 €/kg",,La Despensa,Alimentación,Salsas y Tomate Frito,https://static.carrefour.es/hd_510x_/img_pim_food/365663_00_1.jpg
https://www.carrefour.es/supermercado/jamon-de-york-para-sandwich-en-lonchas-el-pozo-sin-gluten-300-g/R-VC4AECOMM-710916/p,Jamón de York para Sándwich en lonchas El Pozo sin gluten 300 g,"1,99 €",,"6,63 €/kg",,Productos Frescos,Charcutería,Jamón Cocido y Lacón,https://static.carrefour.es/hd_510x_/img_pim_food/710916_00_1.jpg
https://www.carrefour.es/supermercado/esphidra-rizos-extra-marca200/R-526423710/p,ESP.HIDRA-RIZOS EXTRA MARCA200,"3,60 €",,"1,80 €/100ml",,Perfumería e Higiene,Cabello,Fijadores,https://static.carrefour.es/hd_510x_/img_pim_food/755897_00_1.jpg
https://www.carrefour.es/supermercado/aceitunas-manzanilla-salsalinadas-agridulces-jolca-sin-gluten-240-g/R-VC4AECOMM-354320/p,Aceitunas manzanilla salsaliñadas agridulces Jolca sin gluten 240 g.,"3,05 €",,"12,71 €/kg",,La Despensa,Aperitivos,Aceitunas y Encurtidos,https://static.carrefour.es/hd_510x_/img_pim_food/354320_00_1.jpg
https://www.carrefour.es/supermercado/queso-fresco-de-burgos-el-ventero-1-kg/R-700507675/p,Queso fresco de Burgos El Ventero 1 kg.,"6,93 €",,"6,93 €/kg",,Productos Frescos,Quesos,Todos los Quesos,https://static.carrefour.es/hd_510x_/img_pim_food/388851_00_1.jpg
https://www.carrefour.es/supermercado/bombon-mini-helado-de-vainilla-almond-magnum-sin-gluten-6-ud/R-521031734/p,Bombón mini helado de vainilla Almond Magnum sin gluten 6 ud.,"5,29 €",,"0,88 €/ud",,Congelados,Helados,Bombón Helado,https://static.carrefour.es/hd_510x_/img_pim_food/698963_00_1.jpg
https://www.carrefour.es/supermercado/tinte-permanente-sin-amoniaco-n-3u-castano-oscuro-excellence-universal-nudes-loreal-paris-1-ud/R-VC4AECOMM-778778/p,Tinte permanente sin amoníaco nº 3U castaño oscuro Excellence Universal Nudes L'Oréal Paris 1 ud.,"11,29 €",,"11,29 €/ud",,Perfumería e Higiene,Cabello,Tinte,https://static.carrefour.es/hd_510x_/img_pim_food/778778_00_1.jpg
https://www.carrefour.es/supermercado/pechuga-de-pollo-certificado-entera-carrefour-400-g-aprox/R-prod1020232/p,Pechuga de pollo certificado entera Carrefour 400 g aprox,"3,48 €",,"8,69 €/kg",,Productos Frescos,Carnicería,Aves y Pollo,https://static.carrefour.es/hd_510x_/img_pim_food/094679_00_1.jpg
https://www.carrefour.es/supermercado/leche-infantil-de-crecimiento-desde-1-ano-a-base-de-proteina-de-soja-velactin-sin-lactosa-800-g/R-590511612/p,Leche infantil de crecimiento desde 1 año a base de proteína de soja Velactín sin lactosa 800 g.,"16,15 €",,"20,19 €/kg",,Parafarmacia,Bebé,Leche infantil,https://static.carrefour.es/hd_510x_/img_pim_food/792542_00_1.jpg
https://www.carrefour.es/supermercado/comida-humeda-pollo-y-cerdo-perro-adulto-perrinat-1-kg/R-VC4AECOMM-108502/p,Comida húmeda pollo y cerdo perro adulto Perrinat 1 kg,"1,99 €",,"1,99 €/kg",,Mascotas,Perros,"Premios, Snacks y Huesos",https://static.carrefour.es/hd_510x_/img_pim_food/108502_00_1.jpg
https://www.carrefour.es/supermercado/cacao-soluble-sin-azucar-anadido-cola-cao-700-g/R-841400544/p,Cacao soluble sin azúcar añadido Cola Cao 700 g.,"8,95 €",,"12,79 €/kg",,,,,https://static.carrefour.es/hd_510x_/img_pim_food/979985_00_1.jpg
https://www.carrefour.es/supermercado/conos-auriculares-farmamed-2-ud/R-VC4AECOMM-474414/p,Conos auriculares Farmamed 2 ud.,"5,19 €",,"5,19 €/ud",,Perfumería e Higiene,Baño e Higiene Corporal,Ojos y Oreja,https://static.carrefour.es/hd_510x_/img_pim_food/474414_00_1.jpg
https://www.carrefour.es/supermercado/aceitunas-gordal-alinada-sin-hueso-classic-carrefour-sin-gluten-400-g/R-VC4AECOMM-023350/p,Aceitunas gordal aliñada sin hueso Classic Carrefour sin gluten 400 g.,"5,29 €",,"10,58 €/kg",,La Despensa,Aperitivos,Aceitunas y Encurtidos,https://static.carrefour.es/hd_510x_/img_pim_food/023350_00_1.jpg
https://www.carrefour.es/supermercado/comida-humeda-pescado-del-oceano-para-gato-adulto-purina-gourmet-natures-creations-85-g/R-VC4AECOMM-458389/p,Comida húmeda pescado del océano para gato adulto Purina Gourmet Nature's Creations 85 g,"1,35 €",,"15,88 €/kg",,Mascotas,Gatos,Pienso para gatos,https://static.carrefour.es/hd_510x_/img_pim_food/458389_00_1.jpg
https://www.carrefour.es/supermercado/ginebra-old-thames-pink-70-cl/R-fprod1180082/p,Ginebra Old Thames pink 70 cl.,"6,89 €",,"9,84 €/l",,Bebidas,Alcoholes,Ginebra,https://static.carrefour.es/hd_510x_/img_pim_food/219610_00_1.jpg
https://www.carrefour.es/supermercado/snacks-de-pollo-para-perro-carrefour-6-unidades/R-prod670289/p,Snacks de pollo para perro Carrefour 6 unidades,"2,05 €",,"2,05 €/ud",,Mascotas,Perros,"Premios, Snacks y Huesos",https://static.carrefour.es/hd_510x_/img_pim_food/927143_00_1.jpg
https://www.carrefour.es/supermercado/jamon-de-cebo-iberico-50-raza-iberica-en-medias-lonchas-carrefour-100-g/R-fprod1430162/p,Jamón de cebo ibérico 50% Raza Ibérica en medias lonchas Carrefour 100 g,"5,95 €",,"59,50 €/kg",,Productos Frescos,Charcutería,Jamón Serrano e Ibérico Envasado,https://static.carrefour.es/hd_510x_/img_pim_food/373898_00_1.jpg
https://www.carrefour.es/supermercado/salsa-para-patatas-fritas-carrefour-envase-355-g/R-prod860560/p,Salsa para patatas fritas Carrefour envase 355 g.,"1,83 €",,"5,15 €/kg",,La Despensa,Alimentación,Salsas y Tomate Frito,https://static.carrefour.es/hd_510x_/img_pim_food/389984_00_1.jpg
https://www.carrefour.es/supermercado/cereales-de-avena-oatibix-weetabix-540-g/R-590206407/p,Cereales de avena Oatibix Weetabix 540 g.,"4,39 €",,"8,13 €/kg",,La Despensa,Desayuno,Cereales,https://static.carrefour.es/hd_510x_/img_pim_food/188167_00_1.jpg
https://www.carrefour.es/supermercado/muesli-infantil-desde-12-meses-7-cereales-sin-azucar-anadido-ecologico-hipp-biologico-mi-primer-desayuno-200-g/R-VC4AECOMM-176050/p,Muesli infantil desde 12 meses 7 cereales sin azúcar añadido ecológico Hipp Biológico Mi Primer Desayuno 200 g.,"5,59 €",,"27,95 €/kg",,Bebé,Alimentación infantil,Papillas,https://static.carrefour.es/hd_510x_/img_pim_food/176050_00_1.jpg
https://www.carrefour.es/supermercado/colutorio-diario-cuidado-de-las-encias-menta-suave-0-alcohol-parodontax-500-ml/R-VC4AECOMM-065745/p,Colutorio diario cuidado de las encías menta suave 0% alcohol Parodontax 500 ml.,"6,89 €",,"1,38 €/100ml",,Perfumería e Higiene,Boca y Sonrisa,Enjuagues Bucales,https://static.carrefour.es/hd_510x_/img_pim_food/065745_00_1.jpg
https://www.carrefour.es/supermercado/espaguetis-integrales-carrefour-500-g/R-521005696/p,Espaguetis integrales Carrefour 500 g.,"1,11 €",,"2,22 €/kg",,La Despensa,Alimentación,Pastas,https://static.carrefour.es/hd_510x_/img_pim_food/447234_00_1.jpg
https://www.carrefour.es/supermercado/aceitunas-negras-sin-hueso-carbonell-150-g/R-616101878/p,Aceitunas negras sin hueso Carbonell 150 g.,"2,79 €",,"18,60 €/kg",,La Despensa,Aperitivos,Aceitunas y Encurtidos,https://static.carrefour.es/hd_510x_/img_pim_food/643271_00_1.jpg
https://www.carrefour.es/supermercado/gran-barra-obrador-560-g/R-VC4AECOMM-429805/p,Gran Barra Obrador 560 g,"2,25 €",,"4,02 €/kg",,Productos Frescos,Panadería Tradicional,Pan Tradicional,https://static.carrefour.es/hd_510x_/img_pim_food/429805_00_1.jpg
https://www.carrefour.es/supermercado/leche-fermentada-liquida-natural-danone-danacol-sin-gluten-y-sin-azucar-anadido-pack-de-14-unidades-de-100-g/R-759007987/p,Leche fermentada líquida natural Danone Danacol sin gluten y sin azúcar añadido pack de 14 unidades de 100 g.,"8,55 €",,"6,11 €/kg",,La Despensa,Yogures y Postres,"Colesterol, Óseo y Tensión",https://static.carrefour.es/hd_510x_/img_pim_food/767775_00_1.jpg
https://www.carrefour.es/supermercado/aperitivo-de-patata-sabor-crema-agria-y-cebolla-dipster-carrefour-175-g/R-529039562/p,Aperitivo de patata sabor crema agria y cebolla Dipster Carrefour 175 g.,"2,05 €",,"12,06 €/kg",,La Despensa,Aperitivos,Snacks,https://static.carrefour.es/hd_510x_/img_pim_food/155960_00_1.jpg
https://www.carrefour.es/supermercado/colgador-wc-antical-perfume-pino-carrefour-expert-2-ud/R-VC4AECOMM-052460/p,Colgador WC antical perfume pino Carrefour Expert 2 ud.,"1,93 €",,"0,96 €/ud",,Limpieza y Hogar,Productos para Baño,WC,https://static.carrefour.es/hd_510x_/img_pim_food/052460_00_1.jpg
https://www.carrefour.es/supermercado/cerveza-sin-filtrar-mahou-5-estrellas-lata-33-cl/R-VC4AECOMM-168924/p,Cerveza sin filtrar Mahou 5 estrellas lata 33 cl.,"0,99 €",,"3,00 €/l",,Bebidas,Cerveza,Todas las Cervezas,https://static.carrefour.es/hd_510x_/img_pim_food/168924_00_1.jpg
https://www.carrefour.es/supermercado/champu-hialuronico-pure-con-acido-salicilico-para-cabello-con-raices-grasas-y-puntas-secas-elvive-loreal-paris-380-ml/R-VC4AECOMM-318704/p,Champú hialuronico pure con ácido salicílico para cabello con raíces grasas y puntas secas Elvive L'Oréal Paris 380 ml.,"4,95 €",,"1,30 €/100ml",,Perfumería e Higiene,Cabello,Champús,https://static.carrefour.es/hd_510x_/img_pim_food/318704_00_1.jpg
https://www.carrefour.es/supermercado/biberon-con-tetina-de-silicona-fisiologica-sx-pro-flujo-denso-6-meses-suavinex-360-ml/R-VC4AECOMM-649308/p,Biberón con tetina de silicona fisiológica SX Pro flujo denso +6 meses Suavinex 360 ml.,"13,09 €",,"13,09 €/ud",,Parafarmacia,Bebé,Puericultura,https://static.carrefour.es/hd_510x_/img_pim_food/649308_00_1.jpg
https://www.carrefour.es/supermercado/papilla-infantil-desde-6-meses-8-cereales-con-galleta-maria-nestle-sin-azucar-anadido-950-g/R-VC4AECOMM-206309/p,Papilla infantil desde 6 meses 8 cereales con galleta maría Nestlé sin azúcar añadido 950 g.,"7,55 €",,"7,95 €/kg",,Bebé,Alimentación infantil,Papillas,https://static.carrefour.es/hd_510x_/img_pim_food/206309_00_1.jpg
https://www.carrefour.es/supermercado/chorizo-de-primera-especial-cocina-palacios-225-g/R-VC4AECOMM-709404/p,Chorizo de primera especial cocina Palacios 225 g.,"3,55 €",,"15,78 €/kg",,Productos Frescos,Charcutería,"Chorizo, Lomo y Otros",https://static.carrefour.es/hd_510x_/img_pim_food/709404_00_1.jpg
https://www.carrefour.es/supermercado/bebida-tropical-carrefour-sin-azucar-anadido-brik-1-l/R-prod730838/p,Bebida tropical Carrefour sin azúcar añadido brik 1 l.,"0,70 €",,"0,70 €/l",,Bebidas,Aguas y Zumos,Zumos no Refrigerados,https://static.carrefour.es/hd_510x_/img_pim_food/855246_00_1.jpg
https://www.carrefour.es/supermercado/gnocchi-de-patata-carrefour-extra-500-g/R-prod1090094/p,Gnocchi de patata Carrefour Extra 500 g.,"1,09 €",,"2,18 €/kg",,La Despensa,"Conservas, Sopas y Precocinados",Masa Fresca y Bases,https://static.carrefour.es/hd_510x_/img_pim_food/144785_00_1.jpg
https://www.carrefour.es/supermercado/serum-ojos-revitalift-filler-25-acido-hialuronico-cafeina-loreal-paris-15-ml/R-VC4AECOMM-719935/p,"Serum ojos Revitalift Filler 2,5 ácido hialurónico + cafeína L'oreal Paris 15 ml.","23,99 €",,"159,93 €/100ml",,Perfumería e Higiene,Cosmética,Rostro,https://static.carrefour.es/hd_510x_/img_pim_food/719935_00_1.jpg
https://www.carrefour.es/supermercado/agua-mineral-solan-de-cabras-natural-5-l/R-521028188/p,Agua mineral Solán de Cabras natural 5 l.,"2,79 €",,"0,56 €/l",,Bebidas,Aguas y Zumos,Agua de más de 2 litros,https://static.carrefour.es/hd_510x_/img_pim_food/026430_00_1.jpg
https://www.carrefour.es/supermercado/papel-higienico-humedo-aloe-vera-carrefour-100-ud/R-VC4AECOMM-436724/p,Papel higiénico húmedo aloe vera Carrefour 100 ud.,"1,39 €",,"0,01 €/ud",,Limpieza y Hogar,Papel y Celulosa,Papel Higiénico,https://static.carrefour.es/hd_510x_/img_pim_food/436724_00_1.jpg
https://www.carrefour.es/supermercado/limpiacristales-recambio-eco-concentrado-cristasol-50-ml/R-VC4AECOMM-382785/p,Limpiacristales recambio eco concentrado Cristasol 50 ml.,"2,45 €",,"49,00 €/l",,Limpieza y Hogar,Productos para toda la casa,Limpiacristales y Multiusos,https://static.carrefour.es/hd_510x_/img_pim_food/382785_00_1.jpg
https://www.carrefour.es/supermercado/champu-anticaspa-classic-hs-330-ml/R-VC4AECOMM-336861/p,Champú anticaspa classic H&S 330 ml.,"5,45 €",,"1,65 €/100ml",,Perfumería e Higiene,Cabello,Champús,https://static.carrefour.es/hd_510x_/img_pim_food/336861_00_1.jpg
https://www.carrefour.es/supermercado/tratamiento-del-sueno-melatonina-forte-pharma-30-comprimidos/R-fprod1230270/p,Tratamiento del sueño melatonina Forté Pharma 30 comprimidos.,"11,49 €",,"143,62 €/100g",,Parafarmacia,Nutrición y Dietética,Tratamientos Naturales,https://static.carrefour.es/hd_510x_/img_pim_food/290542_00_1.jpg
https://www.carrefour.es/supermercado/crema-baileys-1-l/R-520663114/p,Baileys Cremas,"21,10 €",,"21,10 €/l",,,,,https://static.carrefour.es/hd_510x_/img_pim_food/287970_00_1.jpg
https://www.carrefour.es/supermercado/jamon-cocido-extra-ecologico-en-lonchas-carrefour-bio-sin-lactosa-100-g/R-VC4AECOMM-625762/p,Jamón cocido extra ecológico en lonchas Carrefour Bio sin lactosa 100 g,"2,69 €",,"26,90 €/kg",,Productos Frescos,Charcutería,Jamón Cocido y Lacón,https://static.carrefour.es/hd_510x_/img_pim_food/625762_00_1.jpg
https://www.carrefour.es/supermercado/tapa-de-paleta-de-cebo-iberica-50-raza-iberica-en-lonchas-ibersierra-sin-gluten-y-sin-lactosa-150-g/R-VC4AECOMM-032318/p,Tapa de Paleta de Cebo Ibérica 50% Raza Ibérica en lonchas Ibersierra sin gluten y sin lactosa 150 g,"10,59 €",,"70,60 €/kg",,Productos Frescos,Charcutería,Jamón Serrano e Ibérico Envasado,https://static.carrefour.es/hd_510x_/img_pim_food/032318_00_1.jpg
https://www.carrefour.es/supermercado/aceitunas-verdes-manzanilla-sin-hueso-carrefour-400-g/R-VC4AECOMM-488058/p,Aceitunas verdes manzanilla sin hueso Carrefour 400 g.,"2,59 €",,"6,47 €/kg",,La Despensa,Aperitivos,Aceitunas y Encurtidos,https://static.carrefour.es/hd_510x_/img_pim_food/488058_00_1.jpg
https://www.carrefour.es/supermercado/mojo-picon-salsas-asturianas-sin-gluten-botella-290-g/R-681407769/p,Mojo picón Salsas Asturianas sin gluten botella 290 g.,"3,79 €",,"13,07 €/kg",,La Despensa,Alimentación,Salsas y Tomate Frito,https://static.carrefour.es/hd_510x_/img_pim_food/066663_00_1.jpg
https://www.carrefour.es/supermercado/mejillon-entero-cocido-congelado-extra-carrefour-500-g/R-VC4AECOMM-124893/p,Mejillón entero cocido congelado Extra Carrefour 500 g.,"3,49 €",,"6,98 €/kg",,,,,https://static.carrefour.es/hd_510x_/img_pim_food/124893_00_1.jpg
https://www.carrefour.es/supermercado/locion-atopicontrol-eucerin-400-ml/R-731184322/p,Loción Atopicontrol Eucerin 400 ml.,"21,50 €",,"5,37 €/100ml",,Parafarmacia,Cuidado corporal,Cremas y Lociones,https://static.carrefour.es/hd_510x_/img_pim_food/684229_00_1.jpg
https://www.carrefour.es/supermercado/agua-de-colonia-soul-of-cities-women-04-atenas-les-cosmetiques-100-ml/R-VC4AECOMM-305938/p,Agua de colonia Soul Of Cities Women 04. Atenas Les Cosmétiques 100 ml.,"8,39 €",,"8,39 €/100ml",,Perfumería e Higiene,Baño e Higiene Corporal,Colonias,https://static.carrefour.es/hd_510x_/img_pim_food/305938_00_1.jpg
https://www.carrefour.es/supermercado/ensalada-delicius-carrefour-100-g/R-757834499/p,Ensalada delicius Carrefour 100 g,"1,52 €",,"15,20 €/kg",,Productos Frescos,Verduras y hortalizas,Ensaladas y Verduras Preparadas,https://static.carrefour.es/hd_510x_/img_pim_food/766820_00_1.jpg
https://www.carrefour.es/supermercado/pan-focaccia-rosmarino-schar-sin-gluten-y-sin-lactosa-200-g/R-651303627/p,Pan focaccia rosmarino Schär sin gluten y sin lactosa 200 g.,"4,25 €",,"21,25 €/kg",,La Despensa,"Panaderia, Bollería y Pastelería",Especialidades de pan,https://static.carrefour.es/hd_510x_/img_pim_food/815237_00_1.jpg
https://www.carrefour.es/supermercado/queso-de-mezcla-semicurado-carrefour-330-g/R-VC4AECOMM-322430/p,Queso de mezcla semicurado Carrefour 330 g,"3,52 €",,"10,67 €/kg",,Productos Frescos,Quesos,Todos los Quesos,https://static.carrefour.es/hd_510x_/img_pim_food/322430_00_1.jpg
https://www.carrefour.es/supermercado/oregano-carrefour-11-g/R-prod710293/p,Orégano Carrefour 11 g.,"0,54 €",,"49,09 €/kg",,La Despensa,Alimentación,Especias y Sazonadores,https://static.carrefour.es/hd_510x_/img_pim_food/851271_00_1.jpg
https://www.carrefour.es/supermercado/leche-fermentada-estilo-griego-de-stracciatella-kaiku-sin-gluten-sin-lactosa-pack-de-4-unidades-de-90-g/R-VC4AECOMM-300074/p,Leche fermentada estilo griego de stracciatella Kaiku sin gluten sin lactosa pack de 4 unidades de 90 g.,"2,65 €",,"7,36 €/kg",,La Despensa,Yogures y Postres,Yogures Griegos y Enriquecidos,https://static.carrefour.es/hd_510x_/img_pim_food/300074_00_1.jpg
https://www.carrefour.es/supermercado/pan-tostado-integral-con-lino-y-sesamo-recondo-270-g/R-521002605/p,Pan tostado integral con lino y sésamo Recondo 270 g.,"2,59 €",,"9,59 €/kg",,La Despensa,"Panaderia, Bollería y Pastelería","Colines, picos y crakers",https://static.carrefour.es/hd_510x_/img_pim_food/028467_00_1.jpg
https://www.carrefour.es/supermercado/romero-carmencita-25-g/R-521005089/p,Romero Carmencita 25 g.,"2,15 €",,"86,00 €/kg",,La Despensa,Alimentación,Especias y Sazonadores,https://static.carrefour.es/hd_510x_/img_pim_food/002189_00_1.jpg
https://www.carrefour.es/supermercado/muffin-schar-sin-gluten-sin-lactosa-225-g/R-VC4AECOMM-184973/p,Muffin Schär sin gluten sin lactosa 225 g.,"3,59 €",,"15,96 €/kg",,La Despensa,"Panaderia, Bollería y Pastelería",Bollería,https://static.carrefour.es/hd_510x_/img_pim_food/184973_00_1.jpg
https://www.carrefour.es/supermercado/toallitas-bebe-fresh-aloe-vera-carrefour-baby-6x80-uds/R-521036825/p,Toallitas bebé fresh aloe vera Carrefour Baby 6x80 uds.,"5,95 €",,"0,01 €/ud",,Bebé,Pañales y Toallitas,Toallitas,https://static.carrefour.es/hd_510x_/img_pim_food/752063_00_1.jpg
https://www.carrefour.es/supermercado/palitos-de-pan-con-crema-de-cacao-con-avellanas-sticks-nocilla-pack-de-2-unidades-de-30-g/R-prod810277/p,Palitos de pan con crema de cacao con avellanas Sticks Nocilla pack de 2 unidades de 30 g.,"1,20 €",,"20,00 €/kg",,La Despensa,Dulce,"Cremas de Cacao, Avellana y Cacahuete",https://static.carrefour.es/hd_510x_/img_pim_food/061581_00_1.jpg
https://www.carrefour.es/supermercado/barritas-de-cereales-con-chocolate-negro-corny-pack-6-unidades-de-23-g/R-546306716/p,Barritas de cereales con chocolate negro Corny pack 6 unidades de 23 g.,"2,59 €",,"18,77 €/kg",,La Despensa,Desayuno,Barritas,https://static.carrefour.es/hd_510x_/img_pim_food/278812_00_1.jpg
https://www.carrefour.es/supermercado/toallitas-para-bebe-dodot-basico-54-ud/R-prod80730/p,Toallitas para bebé Dodot Básico 54 ud.,"0,99 €",,"0,02 €/ud",,Bebé,Pañales y Toallitas,Toallitas,https://static.carrefour.es/hd_510x_/img_pim_food/216376_00_1.jpg
https://www.carrefour.es/supermercado/crema-de-leche-con-avellanas-nocilla-sin-gluten-180-g/R-521004666/p,Crema de leche con avellanas Nocilla sin gluten 180 g.,"2,79 €",,"15,50 €/kg",,La Despensa,Dulce,"Cremas de Cacao, Avellana y Cacahuete",https://static.carrefour.es/hd_510x_/img_pim_food/593889_00_1.jpg
https://www.carrefour.es/supermercado/agua-mineral-con-gas-perrier-natural-50-cl/R-769008764/p,Agua mineral con gas Perrier natural 50 cl.,"1,20 €",,"2,40 €/l
- 7,20 €/6 uds.",,Bebidas,Aguas y Zumos,Agua con gas,https://static.carrefour.es/hd_510x_/img_pim_food/777466_00_1.jpg
https://www.carrefour.es/supermercado/pizza-con-verduras-coliflow-415-g/R-VC4AECOMM-324428/p,Pizza con verduras Coliflow 415 g.,"4,89 €",,"11,78 €/kg",,La Despensa,"Conservas, Sopas y Precocinados",Pizzas,https://static.carrefour.es/hd_510x_/img_pim_food/324428_00_1.jpg
https://www.carrefour.es/supermercado/paella-marinera-carretilla-sin-gluten-sin-aceite-de-palma-pack-2-unidades-de-250-g/R-fprod1270135/p,Paella marinera Carretilla sin gluten sin aceite de palma pack 2 unidades de 250 g.,"6,09 €",,"12,18 €/kg",,La Despensa,"Conservas, Sopas y Precocinados",Platos Preparados,https://static.carrefour.es/hd_510x_/img_pim_food/325751_00_1.jpg
https://www.carrefour.es/supermercado/manzanilla-en-bolsitas-ecologica-carrefour-bio-20-ud/R-521003138/p,Manzanilla en bolsitas ecológica Carrefour Bio 20 ud.,"1,99 €",,"71,07 €/kg",,La Despensa,Desayuno,Infusiones y Tés,https://static.carrefour.es/hd_510x_/img_pim_food/659907_00_1.jpg
https://www.carrefour.es/supermercado/enjuague-bucal-antiplaca-kin-pack-de-2-unidades-de-500-ml/R-prod72816/p,Enjuague bucal antiplaca Kin pack de 2 unidades de 500 ml.,"8,05 €",,"1,61 €/100ml",,Parafarmacia,Higiene Bucal,Colutorio,https://static.carrefour.es/hd_510x_/img_pim_food/953202_00_1.jpg
https://www.carrefour.es/supermercado/barrita-de-proteinas-sabor-cacahuete-zero-prozis-pack-de-3-unidades-de-40-g/R-VC4AECOMM-483117/p,Barrita de proteínas sabor cacahuete Zero Prozis pack de 3 unidades de 40 g.,"4,69 €",,"39,08 €/kg",,La Despensa,Desayuno,Barritas,https://static.carrefour.es/hd_510x_/img_pim_food/483117_00_1.jpg
https://www.carrefour.es/supermercado/coca-cola-sin-cafeina-lata-33-cl/R-520660465/p,Coca Cola sin cafeína lata 33 cl.,"0,89 €",,"2,70 €/l
- 7,12 €/8 uds.",,Bebidas,Refrescos,Colas,https://static.carrefour.es/hd_510x_/img_pim_food/000047_00_1.jpg
https://www.carrefour.es/supermercado/champinones-laminados-primera-ecologico-carrefour-bio-124-g/R-522714224/p,Champiñones laminados primera ecológico Carrefour Bio 124 g.,"2,45 €",,"19,76 €/kg",,La Despensa,"Conservas, Sopas y Precocinados",Conservas de Vegetales,https://static.carrefour.es/hd_510x_/img_pim_food/522912_00_1.jpg
https://www.carrefour.es/supermercado/limpiador-desinfectante-quitagrasas-sanytol-750-ml/R-605301889/p,Limpiador desinfectante quitagrasas Sanytol 750 ml.,"3,59 €",,"4,79 €/l",,Limpieza y Hogar,Productos para Cocina,Quitagrasas,https://static.carrefour.es/hd_510x_/img_pim_food/303220_00_1.jpg
https://www.carrefour.es/supermercado/agua-de-colonia-zeus-cosmopolita-les-cosmetiques-100-ml/R-VC4AECOMM-602185/p,Agua de colonia zeus cosmopolita Les Cosmetiques 100 ml.,"6,75 €",,"6,75 €/100ml",,Perfumería e Higiene,Baño e Higiene Corporal,Colonias,https://static.carrefour.es/hd_510x_/img_pim_food/602185_00_1.jpg
https://www.carrefour.es/supermercado/ensalada-completa-de-pasta-y-rucula-florette-320-g/R-804269688/p,Ensalada completa de pasta y rúcula Florette 320 g,"3,36 €",,"10,50 €/kg",,Productos Frescos,Verduras y hortalizas,Ensaladas y Verduras Preparadas,https://static.carrefour.es/hd_510x_/img_pim_food/783856_00_1.jpg
https://www.carrefour.es/supermercado/coctel-fruta-tropical-deshidratada-carrefour-tarrina-200-g/R-prod1070675/p,Cóctel fruta tropical deshidratada Carrefour tarrina 200 g,"3,05 €",,"15,25 €/kg",,La Despensa,Aperitivos,Frutas Desecadas,https://static.carrefour.es/hd_510x_/img_pim_food/142292_00_1.jpg
https://www.carrefour.es/supermercado/vino-dulce-pedro-ximenez-malaga-virgen-do-malaga-75-cl/R-520662124/p,Vino dulce pedro ximénez Málaga Virgen D.O. Málaga 75 cl.,"9,55 €",,"9,55 €/ud",,Bebidas,Vinos,Generosos y Dulces,https://static.carrefour.es/hd_510x_/img_pim_food/026683_00_1.jpg
https://www.carrefour.es/supermercado/valeriana-con-limon-en-bolsitas-pompadour-20-ud/R-591401513/p,Valeriana con limón en bolsitas Pompadour 20 ud.,"2,95 €",,"73,75 €/kg",,La Despensa,Alimentación,Semillas,https://static.carrefour.es/hd_510x_/img_pim_food/341644_00_1.jpg
https://www.carrefour.es/supermercado/papel-higienico-triple-rollo-foxy-mega3-8-rollos/R-843302617/p,Papel higiénico triple rollo Foxy Mega3 8 rollos,"8,39 €",,"1,05 €/ud",,Limpieza y Hogar,Papel y Celulosa,Papel Higiénico,https://static.carrefour.es/hd_510x_/img_pim_food/985464_00_1.jpg
https://www.carrefour.es/supermercado/vino-tinto-crianza-tempranillo-enrique-i-do-ribera-del-duero-75-cl/R-718547705/p,Vino tinto crianza tempranillo Enrique I D.O. Ribera del Duero 75 cl.,"5,25 €",,"5,25 €/ud",,Bebidas,Vinos,Tinto,https://static.carrefour.es/hd_510x_/img_pim_food/531243_00_1.jpg
https://www.carrefour.es/supermercado/refresco-de-limon-carrefour-sin-gas-botella-15-l/R-520660634/p,"Refresco de limón Carrefour sin gas botella 1,5 l.","0,99 €",,"0,66 €/l",,Bebidas,Refrescos,Sabores sin Gas,https://static.carrefour.es/hd_510x_/img_pim_food/454563_00_1.jpg
https://www.carrefour.es/supermercado/queso-fresco-batido-desnatado-classic-carrefour-500-g/R-526501224/p,Queso fresco batido desnatado Classic' Carrefour 500 g.,"0,99 €",,"1,98 €/kg",,Productos Frescos,Quesos,Todos los Quesos,https://static.carrefour.es/hd_510x_/img_pim_food/277000_00_1.jpg
https://www.carrefour.es/supermercado/cafe-grano-natural-arabica-cultivo-sostenible-nestle-bonka-500-g/R-prod830150/p,Café grano natural arábica cultivo sostenible Nestlé Bonka 500 g.,"10,49 €",,"20,98 €/kg",,La Despensa,Desayuno,Cafés,https://static.carrefour.es/hd_510x_/img_pim_food/286392_00_1.jpg
https://www.carrefour.es/supermercado/grageas-de-chocolate-mini-smarties-216-g/R-526539055/p,Grageas de chocolate mini Smarties 216 g.,"3,45 €",,"15,97 €/kg",,La Despensa,Dulce,Bombones y Chocolates,https://static.carrefour.es/hd_510x_/img_pim_food/609146_00_1.jpg
https://www.carrefour.es/supermercado/queso-raclette-natural-frances-loncheado-iberconseil-200-g/R-VC4AECOMM-685443/p,Queso raclette natural Francés loncheado Iberconseil 200 g,"5,91 €",,"29,55 €/kg",,Productos Frescos,Quesos,Todos los Quesos,https://static.carrefour.es/hd_510x_/img_pim_food/685443_00_1.jpg
https://www.carrefour.es/supermercado/atun-claro-en-aceite-de-oliva-classic-carrefour-73-g/R-prod600019/p,Atún claro en aceite de oliva Classic Carrefour 73 g.,"1,42 €",,"19,45 €/kg",,La Despensa,"Conservas, Sopas y Precocinados",Conservas de Pescado y Marisco,https://static.carrefour.es/hd_510x_/img_pim_food/841042_00_1.jpg
https://www.carrefour.es/supermercado/tarta-tableta-de-chocolate-675-g/R-VC4AECOMM-309088/p,Tarta Tableta de chocolate 675 g,"11,99 €",,"17,76 €/kg",,Productos Frescos,Panadería Tradicional,Pastelería y Repostería,https://static.carrefour.es/hd_510x_/img_pim_food/309088_00_1.jpg
https://www.carrefour.es/supermercado/aceite-de-oliva-virgen-extra-de-nuestra-tierra-do-priego-de-cordoba/R-prod372118/p,Aceite de oliva virgen extra De Nuestra Tierra D.O Priego de Córdoba,"8,15 €",,"16,30 €/l",,La Despensa,Alimentación,Aceites y vinagres,https://static.carrefour.es/hd_510x_/img_pim_food/437182_00_1.jpg
https://www.carrefour.es/supermercado/cerveza-franziskaner-dunkel-botella-50-cl/R-521028238/p,Cerveza Franziskaner Dunkel botella 50 cl.,"1,73 €",,"3,46 €/l",,Bebidas,Cerveza,Rubia,https://static.carrefour.es/hd_510x_/img_pim_food/660345_00_1.jpg
https://www.carrefour.es/supermercado/albondigas-de-proteinas-de-guisantes-green-cuisine-findus-240-g/R-VC4AECOMM-478493/p,Albóndigas de proteínas de guisantes Green Cuisine Findus 240 g.,"4,39 €",,"18,29 €/kg",,Congelados,Rebozados y Platos Preparados,,https://static.carrefour.es/hd_510x_/img_pim_food/478493_00_1.jpg
https://www.carrefour.es/supermercado/fuet-snack-original-king-upp-el-pozo-40-g/R-VC4AECOMM-321984/p,Fuet snack original King upp El Pozo 40 g,"0,99 €",,"247,50 €/kg",,Productos Frescos,Charcutería,"Chorizo, Lomo y Otros",https://static.carrefour.es/hd_510x_/img_pim_food/321984_00_1.jpg
https://www.carrefour.es/supermercado/infusion-instantanea-blevit-noches-felices-150-g/R-590508954/p,Infusión instantánea Blevit Noches Felices 150 g.,"10,65 €",,"71,00 €/kg",,Bebé,Alimentación infantil,Complementos Alimenticios e Infusiones para bebé,https://static.carrefour.es/hd_510x_/img_pim_food/558536_00_1.jpg
https://www.carrefour.es/supermercado/alhondigas-de-pollo-y-pavo-carrefour-el-mercado-414-g/R-VC4AECOMM-211670/p,Alhóndigas de Pollo y Pavo Carrefour El Mercado 414 g,"3,59 €",,"8,67 €/kg",,Productos Frescos,Carnicería,Otras carnes,https://static.carrefour.es/hd_510x_/img_pim_food/211670_00_1.jpg
https://www.carrefour.es/supermercado/mermelada-de-jengibre-chivers-340-g/R-595501623/p,Mermelada de jengibre Chivers 340 g.,"5,25 €",,"15,44 €/kg",,La Despensa,Dulce,"Mermeladas, Membrillos y Compotas",https://static.carrefour.es/hd_510x_/img_pim_food/163980_00_1.jpg
https://www.carrefour.es/supermercado/crema-facial-rosa-fortificante-spf20-loreal-age-perfect-50-ml/R-VC4AECOMM-445606/p,Crema facial rosa fortificante SPF20 L´oreal Age Perfect 50 ml.,"19,75 €",,"39,50 €/100ml",,Perfumería e Higiene,Cosmética,Rostro,https://static.carrefour.es/hd_510x_/img_pim_food/445606_00_1.jpg
https://www.carrefour.es/supermercado/kit-antipiojos-carrefour-champu-180-ml-y-locion-180-ml/R-712515901/p,Kit Antipiojos Carrefour: champú 180 ml y loción 180 ml.,"5,89 €",,"5,89 €/ud",,Parafarmacia,Cabello,Antiparasitarios,https://static.carrefour.es/hd_510x_/img_pim_food/438796_00_1.jpg
https://www.carrefour.es/supermercado/pasta-fresca-al-huevo-mezzelune-con-calabaza-mascarpone-y-salvia-carrefour-250-g/R-VC4AECOMM-502223/p,"Pasta fresca al huevo Mezzelune con calabaza, mascarpone y salvia Carrefour 250 g.","2,59 €",,"10,36 €/kg",,La Despensa,"Conservas, Sopas y Precocinados",Masa Fresca y Bases,https://static.carrefour.es/hd_510x_/img_pim_food/502223_00_1.jpg
https://www.carrefour.es/supermercado/pan-de-molde-100-centeno-carrefour-el-mercado-450-g/R-VC4AECOMM-006730/p,Pan de molde 100% centeno Carrefour El Mercado 450 g,"2,69 €",,"5,98 €/kg",,Productos Frescos,Panadería Tradicional,Pan Tradicional,https://static.carrefour.es/hd_510x_/img_pim_food/006730_00_1.jpg
https://www.carrefour.es/supermercado/cafe-capsulas-blonde-espresso-roast-starbucks-compatible-con-nespresso-18-ud/R-VC4AECOMM-151597/p,Café cápsulas blonde espresso roast Starbucks compatible con Nespresso 18 ud.,"7,55 €",,"80,32 €/kg",,,,,https://static.carrefour.es/hd_510x_/img_pim_food/151597_00_1.jpg
https://www.carrefour.es/supermercado/cappelletti-pasta-fresca-al-huevo-rellena-de-carne-gustamente-sin-gluten-250-g/R-VC4AECOMM-315761/p,Cappelletti pasta fresca al huevo rellena de carne Gustamente sin gluten 250 g.,"5,89 €",,"23,56 €/kg",,La Despensa,"Conservas, Sopas y Precocinados",Platos Preparados,https://static.carrefour.es/hd_510x_/img_pim_food/315761_00_1.jpg
https://www.carrefour.es/supermercado/quesada-pasiega-de-nuestra-tierra-150-g/R-prod310301/p,Quesada pasiega De Nuestra Tierra 150 g.,"2,45 €",,"16,33 €/kg",,La Despensa,Yogures y Postres,Otros Postres,https://static.carrefour.es/hd_510x_/img_pim_food/376094_00_1.jpg
https://www.carrefour.es/supermercado/mix-frutos-secos-y-fruta-deshidratada-carrefour-250-g/R-VC4AECOMM-418898/p,Mix Frutos Secos y Fruta Deshidratada Carrefour 250 g,"4,07 €",,"16,28 €/kg",,La Despensa,Aperitivos,Frutos Secos,https://static.carrefour.es/hd_510x_/img_pim_food/418898_00_1.jpg
https://www.carrefour.es/supermercado/fregasuelos-ph-neutro-xanpa-1-l/R-521014254/p,Fregasuelos ph neutro Xanpa 1 l.,"1,83 €",,"1,83 €/l",,Limpieza y Hogar,Productos para toda la casa,Suelos,https://static.carrefour.es/hd_510x_/img_pim_food/560038_00_1.jpg
https://www.carrefour.es/supermercado/bolsas-multiusos-cierre-cremallera-carrefour-25-ud/R-prod410325/p,Bolsas multiusos cierre cremallera Carrefour 25 ud.,"1,93 €",,"0,08 €/ud",,Limpieza y Hogar,Conservación de Alimentos,Bolsas,https://static.carrefour.es/hd_510x_/img_pim_food/822153_00_1.jpg
https://www.carrefour.es/supermercado/desodorante-en-spray-captain-old-spice-150-ml/R-fprod1190525/p,Desodorante en spray Captain Old Spice 150 ml.,"4,29 €",,"2,86 €/100ml",,Perfumería e Higiene,Baño e Higiene Corporal,Desodorantes,https://static.carrefour.es/hd_510x_/img_pim_food/244167_00_1.jpg
https://www.carrefour.es/supermercado/jamon-de-cebo-iberico-50-raza-iberica-en-lonchas-sanchez-alcaraz-sin-gluten-y-sin-lactosa-200-g/R-prod1130685/p,Jamón de Cebo Ibérico 50% Raza Ibérica en lonchas Sánchez Alcaraz sin gluten y sin lactosa 200 g,"12,40 €",,"62,00 €/kg",,Productos Frescos,Charcutería,Jamón Serrano e Ibérico Envasado,https://static.carrefour.es/hd_510x_/img_pim_food/192695_00_1.jpg
https://www.carrefour.es/supermercado/reganas-con-ajonjoli-de-nuestra-tierra-150-g/R-526539339/p,Regañás con Ajonjoli De Nuestra Tierra 150 g.,"1,39 €",,"9,27 €/kg",,La Despensa,"Panaderia, Bollería y Pastelería","Colines, picos y crakers",https://static.carrefour.es/hd_510x_/img_pim_food/793361_00_1.jpg
https://www.carrefour.es/supermercado/queso-mozzarella-galbani-sin-lactosa-100-g/R-846700428/p,Queso mozzarella Galbani sin lactosa 100 g.,"2,30 €",,"23,00 €/kg",,Productos Frescos,Quesos,Todos los Quesos,https://static.carrefour.es/hd_510x_/img_pim_food/020931_00_1.jpg
https://www.carrefour.es/supermercado/agua-mineral-bezoya-grifo-8-l/R-VC4AECOMM-613093/p,Agua mineral Bezoya grifo 8 l.,"3,49 €",,"0,44 €/l",,Bebidas,Aguas y Zumos,Agua de más de 2 litros,https://static.carrefour.es/hd_510x_/img_pim_food/613093_00_1.jpg
https://www.carrefour.es/supermercado/cafe-molido-mezcla-descafeinado-gran-aroma-marcilla-400-g/R-804323776/p,Café molido mezcla descafeinado Gran Aroma Marcilla 400 g.,"7,99 €",,"19,97 €/kg",,La Despensa,Desayuno,Cafés,https://static.carrefour.es/hd_510x_/img_pim_food/912140_00_1.jpg
https://www.carrefour.es/supermercado/mousse-de-stracciatella-danone-pack-de-4-unidades-de-65-g/R-VC4AECOMM-100454/p,Mousse de stracciatella Danone pack de 4 unidades de 65 g.,"2,95 €",,"11,35 €/kg",,La Despensa,Yogures y Postres,Mousse,https://static.carrefour.es/hd_510x_/img_pim_food/100454_00_1.jpg
https://www.carrefour.es/supermercado/patatas-fritas-con-sabor-a-jamon-ruffles-sin-gluten-275-g/R-VC4AECOMM-128851/p,Patatas fritas con sabor a jamón Ruffles sin gluten 275 g.,"3,45 €",,"12,55 €/kg",,La Despensa,Aperitivos,Patatas Fritas,https://static.carrefour.es/hd_510x_/img_pim_food/128851_00_1.jpg
https://www.carrefour.es/supermercado/aceituna-cocktail-ecologica-carrefour-bio-200-g/R-VC4AECOMM-446933/p,Aceituna cocktail ecológica Carrefour Bio 200 g.,"2,19 €",,"2,19 €/ud",,La Despensa,Aperitivos,Aceitunas y Encurtidos,https://static.carrefour.es/hd_510x_/img_pim_food/446933_00_1.jpg
https://www.carrefour.es/supermercado/zamburinas-en-salsa-de-vieira-dani-63-g/R-795409414/p,Zamburiñas en salsa de vieira Dani 63 g.,"2,99 €",,"47,46 €/kg",,La Despensa,"Conservas, Sopas y Precocinados",Conservas de Pescado y Marisco,https://static.carrefour.es/hd_510x_/img_pim_food/873976_00_1.jpg
https://www.carrefour.es/supermercado/leche-infantil-para-lactantes-1-desde-el-primer-dia-en-polvo-nutriben-natal-pro-a-sin-aceite-de-palma-lata-800-g/R-804324088/p,Leche infantil para lactantes 1 desde el primer día en polvo Nutriben Natal Pro-a sin aceite de palma lata 800 g.,"22,50 €",,"28,12 €/kg",,Parafarmacia,Bebé,Leche infantil,https://static.carrefour.es/hd_510x_/img_pim_food/914824_00_1.jpg
https://www.carrefour.es/supermercado/infusion-focus-en-bolsitas-hornimans-15-ud/R-VC4AECOMM-349018/p,Infusión Focus en bolsitas Hornimans 15 ud.,"3,25 €",,"141,30 €/kg",,,,,https://static.carrefour.es/hd_510x_/img_pim_food/349018_00_1.jpg
https://www.carrefour.es/supermercado/mermelada-de-fresa-ecologica-carrefour-bio-350-g/R-fprod1270194/p,Mermelada de fresa ecológica Carrefour Bio 350 g.,"2,95 €",,"8,43 €/kg",,La Despensa,Dulce,"Mermeladas, Membrillos y Compotas",https://static.carrefour.es/hd_510x_/img_pim_food/325850_00_1.jpg
https://www.carrefour.es/supermercado/amoniaco-perfumado-carrefour-15-l/R-848100443/p,"Amoniaco perfumado Carrefour 1,5 l.","0,75 €",,"0,50 €/l",,Limpieza y Hogar,Productos para toda la casa,Lejías y Amoniacos,https://static.carrefour.es/hd_510x_/img_pim_food/047296_00_1.jpg
https://www.carrefour.es/supermercado/mascarilla-capilar-liso-brillo-para-cabello-liso-rebelde-o-dificil-de-alisar-garnier-fructis-300-ml/R-869702263/p,"Mascarilla capilar Liso & Brillo para cabello liso, rebelde o difícil de alisar Garnier-Fructis 300 ml.","5,20 €",,"1,62 €/100ml",,Perfumería e Higiene,Cabello,Cuidado y Tratamientos del cabello,https://static.carrefour.es/hd_510x_/img_pim_food/175620_00_1.jpg
https://www.carrefour.es/supermercado/chocolate-relleno-de-mousse-de-trufa-sin-azucar-anadido-valor-sin-gluten-150-g/R-607220046/p,Chocolate relleno de mousse de trufa sin azúcar añadido Valor sin gluten 150 g.,"3,25 €",,"21,67 €/kg",,La Despensa,Dulce,Bombones y Chocolates,https://static.carrefour.es/hd_510x_/img_pim_food/393875_00_1.jpg
https://www.carrefour.es/supermercado/chocolate-con-leche-y-almendras-con-naranja-pancracio-sin-gluten-100-g/R-fprod1410107/p,Chocolate con leche y almendras con naranja Pancracio sin gluten 100 g.,"3,65 €",,"36,50 €/kg",,La Despensa,Dulce,Bombones y Chocolates,https://static.carrefour.es/hd_510x_/img_pim_food/361481_00_1.jpg
https://www.carrefour.es/supermercado/kas-de-limon-pack-de-9-latas-de-33-cl/R-699508017/p,Kas de limón pack de 9 latas de 33 cl.,"6,09 €",,"2,05 €/l",,Bebidas,Refrescos,Sabores con Gas,https://static.carrefour.es/hd_510x_/img_pim_food/384252_00_1.jpg
https://www.carrefour.es/supermercado/pasta-espirales-de-espelta-integral-ecologica-romero-400-g/R-prod970548/p,Pasta espirales de espelta integral ecológica Romero 400 g.,"1,85 €",,"4,62 €/kg",,La Despensa,Alimentación,Pastas,https://static.carrefour.es/hd_510x_/img_pim_food/057472_00_1.jpg
https://www.carrefour.es/supermercado/jamoncitos-de-pollo-certificado-carrefour-600-g-aprox/R-prod1020234/p,Jamoncitos de pollo certificado Carrefour 600 g aprox,"3,45 €",,"5,75 €/kg",,Productos Frescos,Carnicería,Aves y Pollo,https://static.carrefour.es/hd_510x_/img_pim_food/094666_00_1.jpg
https://www.carrefour.es/supermercado/yogur-natural-ecologico-carrefour-bio-pack-de-4-unidades-de-125-g/R-VC4AECOMM-156588/p,Yogur natural ecológico Carrefour Bio pack de 4 unidades de 125 g.,"1,95 €",,"3,90 €/kg",,La Despensa,Yogures y Postres,Yogur Natural y Sabores,https://static.carrefour.es/hd_510x_/img_pim_food/156588_00_1.jpg
https://www.carrefour.es/supermercado/ajos-alinados-classic-carrefour-235-g/R-595901645/p,Ajos aliñados Classic Carrefour 235 g.,"2,59 €",,"11,02 €/kg",,La Despensa,Aperitivos,Aceitunas y Encurtidos,https://static.carrefour.es/hd_510x_/img_pim_food/352600_00_1.jpg
https://www.carrefour.es/supermercado/preparado-de-marisco-para-paella-delfin-480-g/R-VC4AECOMM-376615/p,Preparado de marisco para paella Delfín 480 g.,"5,55 €",,"11,56 €/kg",,Congelados,Mariscos Congelados,,https://static.carrefour.es/hd_510x_/img_pim_food/376615_00_1.jpg
https://www.carrefour.es/supermercado/pipas-de-girasol-tostadas-la-madrilena-300-g/R-VC4AECOMM-504332/p,Pipas de girasol tostadas La Madrileña 300 g.,"1,44 €",,"4,80 €/kg",,La Despensa,Aperitivos,Frutos Secos,https://static.carrefour.es/hd_510x_/img_pim_food/504332_00_1.jpg
https://www.carrefour.es/supermercado/pasta-de-wasabi-estilo-japones-blue-dragon-45-g/R-551802369/p,Pasta de wasabi estilo japones Blue Dragon 45 g.,"3,29 €",,"73,11 €/kg",,La Despensa,"Conservas, Sopas y Precocinados",Platos Preparados,https://static.carrefour.es/hd_510x_/img_pim_food/360860_00_1.jpg
https://www.carrefour.es/supermercado/snack-para-perros-purina-friskies-funtastix-175-g/R-720868064/p,Snack para perros Purina Friskies Funtastix 175 g,"2,35 €",,"13,43 €/kg",,Mascotas,Perros,"Premios, Snacks y Huesos",https://static.carrefour.es/hd_510x_/img_pim_food/660525_00_1.jpg
https://www.carrefour.es/supermercado/chicles-sabor-frutas-y-mentas-sin-azucar-refreshers-orbit-30-ud/R-VC4AECOMM-195194/p,Chicles sabor frutas y mentas sin azúcar Refreshers Orbit 30 ud.,"4,35 €",,"64,93 €/kg",,La Despensa,Dulce,Dulces y Golosinas,https://static.carrefour.es/hd_510x_/img_pim_food/195194_00_1.jpg
https://www.carrefour.es/supermercado/crema-liquida-autobrillante-blanco-carrefour-50-ml/R-600805229/p,Crema líquida autobrillante blanco Carrefour 50 ml.,"0,95 €",,"19,00 €/l",,Limpieza y Hogar,Calzado,Limpiador Líquido,https://static.carrefour.es/hd_510x_/img_pim_food/360604_00_1.jpg
https://www.carrefour.es/supermercado/ajo-negro-pelado-ecologico-60-g/R-842800498/p,Ajo negro pelado ecológico 60 g,"4,68 €",,"78,00 €/kg",,Productos Frescos,Verduras y hortalizas,"Patatas, Cebollas y Ajos",https://static.carrefour.es/hd_510x_/img_pim_food/884519_00_1.jpg
https://www.carrefour.es/supermercado/cava-freixenet-cordon-negro-gran-seleccion-semiseco-75-cl/R-520662219/p,Cordon Negro Cordon Negro Gran Selección Semiseco Cava,"7,99 €",,"7,99 €/ud",,Bebidas,Cava y champagne,Cavas,https://static.carrefour.es/hd_510x_/img_pim_food/000264_00_1.jpg
https://www.carrefour.es/supermercado/nachos-al-toque-de-sal-dippas-doritos-150-g/R-VC4AECOMM-627399/p,Nachos al toque de sal Dippas Doritos 150 g.,"2,15 €",,"14,33 €/kg",,La Despensa,Aperitivos,Snacks,https://static.carrefour.es/hd_510x_/img_pim_food/627399_00_1.jpg
https://www.carrefour.es/supermercado/arroz-integral-nomen-1-kg/R-521005562/p,Arroz integral Nomen 1 kg.,"2,13 €",,"2,13 €/kg",,La Despensa,Alimentación,Arroz y Cous Cous,https://static.carrefour.es/hd_510x_/img_pim_food/016306_00_1.jpg
https://www.carrefour.es/supermercado/bastones-de-zanahoria-para-conejos-enanos-vitakraft-50-grs/R-553703606/p,Bastones de zanahoria para conejos enanos Vitakraft 50 grs,"1,65 €",,"33,00 €/kg",,Mascotas,Conejos y roedores,Pienso para conejos y rodeores,https://static.carrefour.es/hd_510x_/img_pim_food/407276_00_1.jpg
https://www.carrefour.es/supermercado/chicles-sabor-sandia-trident-senses-sin-azucar-pack-de-3-unidades-de-23-g/R-prod370196/p,Chicles sabor sandía Trident Senses sin azúcar pack de 3 unidades de 23 g.,"2,95 €",,"42,75 €/kg",,La Despensa,Dulce,Dulces y Golosinas,https://static.carrefour.es/hd_510x_/img_pim_food/430034_00_1.jpg
https://www.carrefour.es/supermercado/pate-de-higado-de-cerdo-tapa-negra-la-piara-230-g/R-521006573/p,Paté de hígado de cerdo Tapa Negra La Piara 230 g.,"3,89 €",,"16,91 €/kg",,Productos Frescos,Charcutería,"Foie, Patés y Sobrasadas",https://static.carrefour.es/hd_510x_/img_pim_food/588412_00_1.jpg
https://www.carrefour.es/supermercado/gel-de-ducha-2-en-1-carrefour-soft-500-ml/R-VC4AECOMM-151758/p,Gel de ducha 2 en 1 Carrefour Soft 500 ml.,"1,99 €",,"0,40 €/100ml",,Perfumería e Higiene,Baño e Higiene Corporal,Geles de Baño,https://static.carrefour.es/hd_510x_/img_pim_food/151758_00_1.jpg
https://www.carrefour.es/supermercado/discos-de-lactancia-suavinex-60-ud/R-590511112/p,Discos de lactancia Suavinex 60 ud.,"11,09 €",,"0,18 €/ud",,Bebé,Embarazo y Lactancia,"Discos, pezoneras y sacaleches",https://static.carrefour.es/hd_510x_/img_pim_food/760322_00_1.jpg
https://www.carrefour.es/supermercado/gazpacho-suave-sin-pepino-alvalle-1-l/R-521030393/p,Gazpacho suave sin pepino Alvalle 1 l.,"3,29 €",,"3,29 €/l",,La Despensa,"Conservas, Sopas y Precocinados",Gazpacho y Salmorejo,https://static.carrefour.es/hd_510x_/img_pim_food/552609_00_1.jpg
https://www.carrefour.es/supermercado/pepinillos-laminados-rioverde-sin-gluten-290-g/R-VC4AECOMM-354094/p,Pepinillos laminados Rioverde sin gluten 290 g.,"2,65 €",,"9,14 €/kg",,La Despensa,Aperitivos,Aceitunas y Encurtidos,https://static.carrefour.es/hd_510x_/img_pim_food/354094_00_1.jpg
https://www.carrefour.es/supermercado/grageas-de-cacahuetes-recubiertos-de-chocolate-picknchoc-carrefour-250-g/R-VC4AECOMM-572647/p,Grageas de cacahuetes recubiertos de chocolate Pickn'Choc Carrefour 250 g.,"2,65 €",,"10,60 €/kg",,La Despensa,Dulce,Bombones y Chocolates,https://static.carrefour.es/hd_510x_/img_pim_food/572647_00_1.jpg
https://www.carrefour.es/supermercado/vino-blanco-macabeo-freixenet-do-catalunya-75-cl/R-VC4AECOMM-320200/p,Freixenet Selección Especial Blanco 2022,"7,69 €",,"7,69 €/ud",,,,,https://static.carrefour.es/hd_510x_/img_pim_food/320200_00_1.jpg
https://www.carrefour.es/supermercado/cerveza-grimbergen-doble-ambree-botella-33-cl/R-521007959/p,Cerveza Grimbergen doble ambrée botella 33 cl.,"1,79 €",,"5,42 €/l",,Bebidas,Cerveza,Tostada - Roja,https://static.carrefour.es/hd_510x_/img_pim_food/008691_00_1.jpg
https://www.carrefour.es/supermercado/hummus-light-carrefour-extra-sin-gluten-240-g/R-VC4AECOMM-112527/p,Hummus light Carrefour Extra sin gluten 240 g,"1,86 €",,"7,75 €/kg",,La Despensa,"Conservas, Sopas y Precocinados",Platos Preparados,https://static.carrefour.es/hd_510x_/img_pim_food/112527_00_1.jpg
https://www.carrefour.es/supermercado/papilla-infantil-desde-6-meses-multicereales-y-frutas-nestle-sin-azucar-anadido-270-g/R-VC4AECOMM-463270/p,Papilla infantil desde 6 meses multicereales y frutas Nestlé sin azúcar añadido 270 g.,"3,79 €",,"14,04 €/kg",,Bebé,Alimentación infantil,Papillas,https://static.carrefour.es/hd_510x_/img_pim_food/463270_00_1.jpg
https://www.carrefour.es/supermercado/regaliz-de-goma-sabor-cereza-mega-torcidas-haribo-160-g/R-fprod1180078/p,Regaliz de goma sabor cereza Mega Torcidas Haribo 160 g.,"2,25 €",,"14,06 €/kg",,La Despensa,Dulce,Dulces y Golosinas,https://static.carrefour.es/hd_510x_/img_pim_food/217845_00_1.jpg
https://www.carrefour.es/supermercado/edamame-vainas-de-soja-carrefour-500-g/R-VC4AECOMM-442121/p,Edamame vainas de soja Carrefour 500 g.,"1,84 €",,"3,68 €/kg",,Congelados,Verduras Congeladas,,https://static.carrefour.es/hd_510x_/img_pim_food/442121_00_1.jpg
https://www.carrefour.es/supermercado/lavavajillas-a-maquina-platinum-plus-pastillas-todo-en-uno-fairy-30-ud/R-VC4AECOMM-351410/p,Lavavajillas a máquina platinum plus pastillas todo en uno Fairy 30 ud.,"17,59 €",,"0,59 €/lavado",,Limpieza y Hogar,Productos para Cocina,Lavavajillas a máquina,https://static.carrefour.es/hd_510x_/img_pim_food/351410_00_1.jpg
https://www.carrefour.es/supermercado/vino-blanco-joven-albarino-freixas-vendimia-seleccionada-do-rias-baixas-75-cl/R-803466308/p,Vino blanco joven albariño Freixas Vendimia Seleccionada D.O. Rías Baixas 75 cl.,"10,29 €",,"10,29 €/ud",,Bebidas,Vinos,Blanco,https://static.carrefour.es/hd_510x_/img_pim_food/904358_00_1.jpg
https://www.carrefour.es/supermercado/ambientador-difusor-electrico-recambio-olor-ropa-limpia-essential-carrefour-1-ud/R-VC4AECOMM-406567/p,Ambientador difusor eléctrico + recambio olor ropa limpia Essential Carrefour 1 ud.,"3,15 €",,"3,15 €/ud",,Limpieza y Hogar,Ambientadores,Eléctricos,https://static.carrefour.es/hd_510x_/img_pim_food/406567_00_1.jpg
https://www.carrefour.es/supermercado/choco-roll-classic-carrefour-270-g/R-VC4AECOMM-581108/p,Choco Roll Classic' Carrefour 270 g.,"1,29 €",,"4,78 €/kg",,La Despensa,"Panaderia, Bollería y Pastelería",Bollería,https://static.carrefour.es/hd_510x_/img_pim_food/581108_00_1.jpg
https://www.carrefour.es/supermercado/quitamanchas-ropa-de-color-en-gel-carrefour-2-l/R-prod211404/p,Quitamanchas ropa de color en gel Carrefour 2 l.,"1,69 €",,"0,84 €/l",,Limpieza y Hogar,Cuidado de la Ropa,Aditivos y quitamanchas,https://static.carrefour.es/hd_510x_/img_pim_food/137490_00_1.jpg
https://www.carrefour.es/supermercado/film-transparente-profesional-carrefour-300-metros/R-prod270527/p,Film transparente profesional Carrefour 300 metros.,"7,99 €",,"0,03 €/m",,Limpieza y Hogar,Conservación de Alimentos,Film Transparente,https://static.carrefour.es/hd_510x_/img_pim_food/297845_00_1.jpg
https://www.carrefour.es/supermercado/detergente-y-quitamanchas-liquido-vanish-colon-60-lavados/R-prod720969/p,Detergente y quitamanchas líquido Vanish Colon 60 lavados.,"20,10 €",,"0,31 €/lavado",,Limpieza y Hogar,Cuidado de la Ropa,Detergentes,https://static.carrefour.es/hd_510x_/img_pim_food/853481_00_1.jpg
https://www.carrefour.es/supermercado/arroz-integral-para-microondas-nomen-sin-gluten-pack-de-2-unidades-de-140-g/R-VC4AECOMM-186485/p,Arroz integral para microondas Nomen sin gluten pack de 2 unidades de 140 g.,"2,45 €",,"8,75 €/kg",,La Despensa,Alimentación,Arroz y Cous Cous,https://static.carrefour.es/hd_510x_/img_pim_food/186485_00_1.jpg
https://www.carrefour.es/supermercado/harina-de-garbanzo-carrefour-sin-gluten-500-g/R-prod960041/p,Harina de garbanzo Carrefour sin gluten 500 g.,"1,99 €",,"3,98 €/kg",,La Despensa,Alimentación,Harinas y Levaduras,https://static.carrefour.es/hd_510x_/img_pim_food/049548_00_1.jpg
https://www.carrefour.es/supermercado/postre-lacteo-de-natillas-desde-6-meses-nestle-yogolino-sin-gluten-pack-de-4-unidades-de-100-g/R-654702009/p,Postre lácteo de natillas desde 6 meses Nestlé Yogolino sin gluten pack de 4 unidades de 100 g.,"3,25 €",,"8,12 €/kg",,Bebé,Alimentación infantil,"Postres, Zumos, Petit y Yogures Infantiles",https://static.carrefour.es/hd_510x_/img_pim_food/256025_00_1.jpg
https://www.carrefour.es/supermercado/dentifrico-original-24h-de-proteccion-completa-total-colgate-50-ml/R-prod1070233/p,Dentífrico original 24h de protección completa Total Colgate 50 ml.,"2,19 €",,"4,38 €/100ml",,Perfumería e Higiene,Boca y Sonrisa,Dentífricos,https://static.carrefour.es/hd_510x_/img_pim_food/131664_00_1.jpg
https://www.carrefour.es/supermercado/atun-claro-en-escabeche-calvo-pack-de-3-latas-de-52-g/R-531704979/p,Atún claro en escabeche Calvo pack de 3 latas de 52 g.,"3,95 €",,"25,32 €/kg",,La Despensa,"Conservas, Sopas y Precocinados",Conservas de Pescado y Marisco,https://static.carrefour.es/hd_510x_/img_pim_food/002567_00_1.jpg
https://www.carrefour.es/supermercado/lasana-de-espinacas-y-queso-la-cocinera-500-g/R-VC4AECOMM-334745/p,Lasaña de Espinacas y Queso La Cocinera 500 g.,"5,25 €",,"10,50 €/kg",,Congelados,Rebozados y Platos Preparados,,https://static.carrefour.es/hd_510x_/img_pim_food/334745_00_1.jpg
https://www.carrefour.es/supermercado/buguer-cruchy-carrefour-el-mercado-pack-de-2-unidades-de-120-g/R-VC4AECOMM-367047/p,Buguer cruchy Carrefour El Mercado pack de 2 unidades de 120 g.,"1,89 €",,"7,87 €/kg",,Productos Frescos,Carnicería,Empanados,https://static.carrefour.es/hd_510x_/img_pim_food/367047_00_1.jpg
https://www.carrefour.es/supermercado/colorante-permanente-n-365-castano-chocolate-intensive-color-cream-palette-1-ud/R-600805801/p,Colorante permanente nº 3.65 castaño chocolate Intensive Color Cream Palette 1 ud.,"4,79 €",,"4,79 €/ud",,Perfumería e Higiene,Cabello,Tinte,https://static.carrefour.es/hd_510x_/img_pim_food/366234_00_1.jpg
https://www.carrefour.es/supermercado/galletas-con-chocolate-con-leche-mulivitaminadas-carrefour-200-g/R-521004543/p,Galletas con chocolate con leche Mulivitaminadas Carrefour 200 g.,"3,75 €",,"18,75 €/kg",,La Despensa,Desayuno,Galletas,https://static.carrefour.es/hd_510x_/img_pim_food/728344_00_1.jpg
https://www.carrefour.es/supermercado/jabon-de-manos-vainilla-y-karite-becasan-nature-500-ml/R-prod393204/p,Jabón de manos vainilla y karité Becasan Nature 500 ml.,"2,75 €",,"0,55 €/100ml",,Perfumería e Higiene,Baño e Higiene Corporal,Jabón de Manos,https://static.carrefour.es/hd_510x_/img_pim_food/477784_00_1.jpg
https://www.carrefour.es/supermercado/queso-gruyere-frances-dop-montsterroirs-200-g/R-prod842092/p,Queso gruyere Francés D.O.P. Monts&Terroirs 200 g,"6,82 €",,"34,10 €/kg",,Productos Frescos,Quesos,Todos los Quesos,https://static.carrefour.es/hd_510x_/img_pim_food/684671_00_1.jpg
https://www.carrefour.es/supermercado/bifidus-desnatado-con-trozos-ciruelas-sin-azucar-anadido-danone-activia-pack-de-4-unidades-de-120-g/R-521029614/p,Bífidus desnatado con trozos ciruelas sin azúcar añadido Danone Activia pack de 4 unidades de 120 g.,"2,49 €",,"5,19 €/kg",,La Despensa,Yogures y Postres,Bífidus,https://static.carrefour.es/hd_510x_/img_pim_food/235723_00_1.jpg
https://www.carrefour.es/supermercado/gel-de-ducha-pieles-sensibles-0-carrefour-soft-750-ml/R-VC4AECOMM-142675/p,Gel de ducha pieles sensibles 0% Carrefour Soft 750 ml.,"2,09 €",,"0,28 €/100ml",,Perfumería e Higiene,Baño e Higiene Corporal,Geles de Baño,https://static.carrefour.es/hd_510x_/img_pim_food/142675_00_1.jpg
https://www.carrefour.es/supermercado/vino-tinto-reserva-licenciado-do-rioja-75-cl/R-784000498/p,Licenciado Tinto Reserva 2019,"14,89 €",,"14,89 €/ud",,Bebidas,Vinos,Tinto,https://static.carrefour.es/hd_510x_/img_pim_food/870981_00_1.jpg
https://www.carrefour.es/supermercado/desodorante-en-spray-dark-temptation-axe-pack-de-2-unidades-de-150-ml/R-VC4AECOMM-672959/p,Desodorante en spray Dark Temptation Axe pack de 2 unidades de 150 ml.,"5,40 €",,"1,80 €/100ml",,Perfumería e Higiene,Baño e Higiene Corporal,Desodorantes,https://static.carrefour.es/hd_510x_/img_pim_food/672959_00_1.jpg
https://www.carrefour.es/supermercado/limpiamuebles-con-cera-natural-carrefour-expert-300-ml/R-VC4AECOMM-188989/p,Limpiamuebles con cera natural Carrefour Expert 300 ml.,"1,24 €",,"4,13 €/l",,Limpieza y Hogar,Productos para toda la casa,Limpia Muebles,https://static.carrefour.es/hd_510x_/img_pim_food/188989_00_1.jpg
https://www.carrefour.es/supermercado/cigala-pequena-500-g/R-prod210537/p,Cigala pequeña 500 g,"7,47 €",,"14,95 €/kg",,Productos Frescos,Pescadería,"Marisco, Almejas y Mejillones",https://static.carrefour.es/hd_510x_/img_pim_food/393027_00_1.jpg
https://www.carrefour.es/supermercado/panecillo-de-centeno-51-6-ud/R-VC4AECOMM-498735/p,Panecillo de centeno 51% 6 ud.,"1,58 €",,"0,26 €/ud",,La Despensa,"Panaderia, Bollería y Pastelería",Especialidades de pan,https://static.carrefour.es/hd_510x_/img_pim_food/498735_00_1.jpg
https://www.carrefour.es/supermercado/canelones-de-carne-setas-y-boletus-carrefour-el-mercado-350-g/R-VC4AECOMM-554201/p,"Canelones de carne, setas y boletus Carrefour el Mercado 350 g","3,30 €",,"9,43 €/kg",,Productos Frescos,Platos Preparados Cocinados,Pastas y Pizzas,https://static.carrefour.es/hd_510x_/img_pim_food/554201_00_1.jpg
https://www.carrefour.es/supermercado/pasta-fresca-al-huevo-rellena-de-calabaza-y-cebolla-caramelizada-rana-de-la-huerta-250-g/R-797608320/p,Pasta fresca al huevo rellena de calabaza y cebolla caramelizada Rana de la Huerta 250 g.,"3,49 €",,"13,96 €/kg",,La Despensa,"Conservas, Sopas y Precocinados",Platos Preparados,https://static.carrefour.es/hd_510x_/img_pim_food/896440_00_1.jpg
https://www.carrefour.es/supermercado/contorno-de-ojos-con-q10-natural-creatina-q10-power-antiarrugas-firmeza-nivea-15-ml/R-520664069/p,Contorno de ojos con Q10 natural & creatina Q10 Power Antiarrugas + Firmeza Nivea 15 ml.,"12,19 €",,"81,27 €/100ml",,Perfumería e Higiene,Cosmética,Rostro,https://static.carrefour.es/hd_510x_/img_pim_food/001282_00_1.jpg
https://www.carrefour.es/supermercado/chocolate-con-leche-y-avellanas-enteras-extra-carrefour-sin-gluten-200-g/R-VC4AECOMM-482757/p,Chocolate con leche y avellanas enteras Extra Carrefour sin gluten 200 g.,"2,25 €",,"11,25 €/kg",,La Despensa,Dulce,Bombones y Chocolates,https://static.carrefour.es/hd_510x_/img_pim_food/482757_00_1.jpg
https://www.carrefour.es/supermercado/supremas-al-ajillo-carrefour-50-g/R-521006527/p,Supremas al ajillo Carrefour 50 g.,"1,70 €",,"34,00 €/kg",,La Despensa,"Conservas, Sopas y Precocinados",Conservas de Pescado y Marisco,https://static.carrefour.es/hd_510x_/img_pim_food/230450_00_1.jpg
https://www.carrefour.es/supermercado/bombones-de-chocolate-negro-70-cacao-nestle-dark-142-g/R-VC4AECOMM-066587/p,Bombones de chocolate negro 70% cacao Nestlé Dark 142 g.,"4,49 €",,"27,21 €/kg",,La Despensa,Dulce,Bombones y Chocolates,https://static.carrefour.es/hd_510x_/img_pim_food/066587_00_1.jpg
https://www.carrefour.es/supermercado/salchichon-cular-extra-loncheado-carrefour-150-g/R-prod300292/p,Salchichón cular extra loncheado Carrefour 150 g,"3,15 €",,"21,00 €/kg",,Productos Frescos,Charcutería,"Salchichón, Salami y Fuet",https://static.carrefour.es/hd_510x_/img_pim_food/349071_00_1.jpg
https://www.carrefour.es/supermercado/detergente-gel-extra-frescor-nenuco-colon-60-lavados/R-638601880/p,Detergente gel extra frescor Nenuco Colon 60 lavados.,"13,59 €",,"0,23 €/lavado",,Limpieza y Hogar,Cuidado de la Ropa,Detergentes,https://static.carrefour.es/hd_510x_/img_pim_food/812208_00_1.jpg
https://www.carrefour.es/supermercado/pan-payes-fresco-master-bakery-airos-sin-gluten-y-sin-lactosa-300-g/R-VC4AECOMM-477390/p,Pan payés fresco Master Bakery Airos sin gluten y sin lactosa 300 g.,"4,85 €",,"16,17 €/kg",,La Despensa,"Panaderia, Bollería y Pastelería",Especialidades de pan,https://static.carrefour.es/hd_510x_/img_pim_food/477390_00_1.jpg
https://www.carrefour.es/supermercado/tomate-frito-orlando-sin-gluten-brik-780-g/R-521029211/p,Tomate frito Orlando sin gluten brik 780 g.,"1,99 €",,"2,55 €/kg",,La Despensa,Alimentación,Salsas y Tomate Frito,https://static.carrefour.es/hd_510x_/img_pim_food/028900_00_1.jpg
https://www.carrefour.es/supermercado/galletas-maria-integral-gullon-600-g/R-521002787/p,Galletas María integral Gullón 600 g.,"3,35 €",,"5,58 €/kg",,La Despensa,Desayuno,Galletas,https://static.carrefour.es/hd_510x_/img_pim_food/398833_00_1.jpg
https://www.carrefour.es/supermercado/caldo-de-carne-carrefour-sin-gluten-brik-1-l/R-664305460/p,Caldo de carne Carrefour sin gluten brik 1 l.,"0,75 €",,"0,75 €/l",,La Despensa,"Conservas, Sopas y Precocinados","Caldos, Sopas y Pure",https://static.carrefour.es/hd_510x_/img_pim_food/317708_00_1.jpg
https://www.carrefour.es/supermercado/pate-de-pato-superior-martiko-pack-de-2-unidades-de-75-g/R-VC4AECOMM-710418/p,Paté de pato superior Martiko pack de 2 unidades de 75 g,"4,35 €",,"29,00 €/kg",,Productos Frescos,Charcutería,"Foie, Patés y Sobrasadas",https://static.carrefour.es/hd_510x_/img_pim_food/710418_00_1.jpg
https://www.carrefour.es/supermercado/protegeslip-adapt-evax-30-ud/R-521000566/p,Protegeslip Adapt Evax 30 ud.,"3,09 €",,"0,10 €/ud",,Perfumería e Higiene,Higiene íntima,Protege Slip,https://static.carrefour.es/hd_510x_/img_pim_food/637464_00_1.jpg
https://www.carrefour.es/supermercado/caramelos-de-goma-frutissima-veggie-haribo-150-g/R-VC4AECOMM-165738/p,Caramelos de goma Frutissima Veggie Haribo 150 g.,"2,45 €",,"16,33 €/kg",,La Despensa,Dulce,Dulces y Golosinas,https://static.carrefour.es/hd_510x_/img_pim_food/165738_00_1.jpg
https://www.carrefour.es/supermercado/arroz-categoria-extra-la-fallera-2-kg/R-590202529/p,Arroz categoría extra La Fallera 2 kg.,"3,35 €",,"1,67 €/kg",,La Despensa,Alimentación,Arroz y Cous Cous,https://static.carrefour.es/hd_510x_/img_pim_food/048533_00_1.jpg
https://www.carrefour.es/supermercado/judias-verdes-troceadas-findus-1-kg/R-712515241/p,Judías verdes troceadas Findus 1 kg.,"4,75 €",,"4,75 €/kg",,Congelados,Verduras Congeladas,,https://static.carrefour.es/hd_510x_/img_pim_food/435059_00_1.jpg
https://www.carrefour.es/supermercado/barrita-de-frutos-secos-y-caramelo-salado-nakd-sin-azucar-anadido-140-g/R-fprod1180441/p,Barrita de frutos secos y caramelo salado Nakd sin azúcar añadido 140 g.,"3,55 €",,"25,36 €/kg",,,,,https://static.carrefour.es/hd_510x_/img_pim_food/227137_00_1.jpg
https://www.carrefour.es/supermercado/alubia-cocida-categoria-extra-luengo-400-g/R-546305860/p,Alubia cocida categoría extra Luengo 400 g.,"1,34 €",,"3,35 €/kg",,La Despensa,Alimentación,Legumbres,https://static.carrefour.es/hd_510x_/img_pim_food/032625_00_1.jpg
https://www.carrefour.es/supermercado/confitura-de-frambuesa-categoria-extra-light-carrefour-300-g/R-prod1030076/p,Confitura de frambuesa categoría extra light Carrefour 300 g.,"2,65 €",,"8,83 €/kg",,La Despensa,Dulce,"Mermeladas, Membrillos y Compotas",https://static.carrefour.es/hd_510x_/img_pim_food/111934_00_1.jpg
https://www.carrefour.es/supermercado/pan-de-pueblo-sin-aditivos-1-ud/R-VC4AECOMM-433734/p,Pan de Pueblo sin aditivos 1 ud.,"1,69 €",,"2,11 €/kg",,Productos Frescos,Panadería Tradicional,Pan Tradicional,https://static.carrefour.es/hd_510x_/img_pim_food/433734_00_1.jpg
https://www.carrefour.es/supermercado/quitamanchas-ropa-blanca-en-polvo-5-vanish-oxi-action-450-g/R-fprod1270030/p,Quitamanchas ropa blanca en polvo 5 Vanish Oxi-Action 450 g.,"6,59 €",,"14,64 €/kg",,Limpieza y Hogar,Cuidado de la Ropa,Aditivos y quitamanchas,https://static.carrefour.es/hd_510x_/img_pim_food/324967_00_1.jpg
https://www.carrefour.es/supermercado/gyozas-de-pollo-vici-400-g/R-VC4AECOMM-695664/p,Gyozas de pollo Vici 400 g.,"4,29 €",,"10,72 €/kg",,Congelados,Rebozados y Platos Preparados,,https://static.carrefour.es/hd_510x_/img_pim_food/695664_00_1.jpg
https://www.carrefour.es/supermercado/bizcocho-marmolado-schar-sin-gluten-y-sin-lactosa-250-g/R-826004445/p,Bizcocho marmolado Schär sin gluten y sin lactosa 250 g.,"4,55 €",,"18,20 €/kg",,La Despensa,"Panaderia, Bollería y Pastelería",Bollería,https://static.carrefour.es/hd_510x_/img_pim_food/928537_00_1.jpg
https://www.carrefour.es/supermercado/mejillones-chilenos-en-escabeche-dani-69-g/R-590215683/p,Mejillones chilenos en escabeche Dani 69 g.,"1,93 €",,"27,97 €/kg",,La Despensa,"Conservas, Sopas y Precocinados",Conservas de Pescado y Marisco,https://static.carrefour.es/hd_510x_/img_pim_food/725646_00_1.jpg
https://www.carrefour.es/supermercado/gel-dermo-limpiador-mustela-750-ml/R-590504186/p,Gel Dermo-Limpiador Mustela 750 ml,"13,45 €",,"1,79 €/100ml",,Parafarmacia,Bebé,Champú,https://static.carrefour.es/hd_510x_/img_pim_food/259369_00_1.jpg
https://www.carrefour.es/supermercado/snack-para-gato-purina-felix-party-mix-grill-60-g/R-720860875/p,Snack para gato Purina Felix Party Mix Grill 60 g,"1,87 €",,"31,17 €/kg",,Mascotas,Gatos,Premios y Snacks,https://static.carrefour.es/hd_510x_/img_pim_food/214481_00_1.jpg
https://www.carrefour.es/supermercado/nutricroquetas-para-gato-2-kg-carrefour/R-521007742/p,"Nutricroquetas para Gato 2 Kg, Carrefour","2,95 €",,"1,47 €/kg",,Mascotas,Gatos,Pienso para gatos,https://static.carrefour.es/hd_510x_/img_pim_food/580498_00_1.jpg
https://www.carrefour.es/supermercado/limpiador-de-hornos-mr-forza-300-ml/R-521001438/p,Limpiador de hornos Mr. Forza 300 ml.,"7,99 €",,"26,63 €/l",,Limpieza y Hogar,Productos para Cocina,Limpiadores Electrodomésticos Cocina,https://static.carrefour.es/hd_510x_/img_pim_food/000486_00_1.jpg
https://www.carrefour.es/supermercado/gelatina-sabor-frutos-del-bosque-sin-azucar-royal-sin-gluten-pack-de-4-unidades-de-90-g/R-prod810836/p,Gelatina sabor frutos del bosque sin azúcar Royal sin gluten pack de 4 unidades de 90 g.,"1,95 €",,"5,42 €/kg",,La Despensa,Yogures y Postres,Gelatina,https://static.carrefour.es/hd_510x_/img_pim_food/244810_00_1.jpg
https://www.carrefour.es/supermercado/hamburguesa-de-vacuno-con-bacon-bacon-burger-brooklyn-town-220-g/R-VC4AECOMM-628659/p,Hamburguesa de vacuno con bacon Bacon Burger Brooklyn Town 220 g.,"3,95 €",,"17,95 €/kg",,La Despensa,"Conservas, Sopas y Precocinados",Platos Preparados,https://static.carrefour.es/hd_510x_/img_pim_food/628659_00_1.jpg
https://www.carrefour.es/supermercado/merluza-en-filete-1-kg-aprox/R-prod395352/p,Merluza en filete 1 kg aprox,"19,95 €",,"19,95 €/kg",,Productos Frescos,Pescadería,Pescado Fresco,https://static.carrefour.es/hd_510x_/img_pim_food/234644_00_1.jpg
https://www.carrefour.es/supermercado/panales-pants-day-grandes-absodys-carrefour-14-ud/R-701802692/p,Pañales Pants Day grandes Absodys Carrefour 14 ud.,"10,79 €",,"0,77 €/ud",,Perfumería e Higiene,Higiene íntima,Incontinencia,https://static.carrefour.es/hd_510x_/img_pim_food/401567_00_1.jpg
https://www.carrefour.es/supermercado/zumo-de-manzana-100-premium-granini-botella-1-l/R-520660902/p,Zumo de manzana 100% Premium Granini botella 1 l.,"3,09 €",,"3,09 €/l",,Bebidas,Aguas y Zumos,Zumos no Refrigerados,https://static.carrefour.es/hd_510x_/img_pim_food/685512_00_1.jpg
https://www.carrefour.es/supermercado/pasta-fettuccine-al-huevo-gallo-450-g/R-521005690/p,Pasta fettuccine al huevo Gallo 450 g.,"1,67 €",,"3,34 €/kg",,La Despensa,Alimentación,Pastas,https://static.carrefour.es/hd_510x_/img_pim_food/002295_00_1.jpg
https://www.carrefour.es/supermercado/baguette-carrefour-1-ud/R-525964668/p,Baguette Carrefour 1 ud,"0,55 €",,"2,20 €/kg",,Productos Frescos,Panadería Tradicional,Pan Tradicional,https://static.carrefour.es/hd_510x_/img_pim_food/262274_00_1.jpg
https://www.carrefour.es/supermercado/crema-de-avellana-ecologica-carrefour-bio-sin-gluten-290-g/R-VC4AECOMM-066390/p,Crema de avellana ecológica Carrefour Bio sin gluten 290 g.,"7,09 €",,"24,45 €/kg",,La Despensa,Dulce,"Cremas de Cacao, Avellana y Cacahuete",https://static.carrefour.es/hd_510x_/img_pim_food/066390_00_1.jpg
https://www.carrefour.es/supermercado/crema-corporal-con-aceite-de-oliva-carrefour-soft-250-ml/R-VC4AECOMM-601820/p,Crema corporal con aceite de oliva Carrefour Soft 250 ml.,"1,50 €",,"0,60 €/100ml",,Perfumería e Higiene,Cuidado y Protección Corporal,"Body Milk, Hidratación Bajo la Ducha",https://static.carrefour.es/hd_510x_/img_pim_food/601820_00_1.jpg
https://www.carrefour.es/supermercado/chocolate-blanco-con-avellanas-enteras-extra-carrefour-sin-gluten-200-g/R-699901891/p,Chocolate blanco con avellanas enteras Extra Carrefour sin gluten 200 g.,"2,45 €",,"12,25 €/kg",,La Despensa,Dulce,Bombones y Chocolates,https://static.carrefour.es/hd_510x_/img_pim_food/387134_00_1.jpg
https://www.carrefour.es/supermercado/tila-en-bolsitas-hornimans-25-ud/R-521003144/p,Tila en bolsitas Hornimans 25 ud.,"2,15 €",,"71,67 €/kg",,La Despensa,Desayuno,Infusiones y Tés,https://static.carrefour.es/hd_510x_/img_pim_food/001747_00_1.jpg
https://www.carrefour.es/supermercado/cereales-de-arroz-rice-krispies-kelloggs-340-g/R-521003366/p,Cereales de arroz Rice Krispies Kellogg's 340 g.,"4,85 €",,"13,47 €/kg",,La Despensa,Desayuno,Cereales,https://static.carrefour.es/hd_510x_/img_pim_food/045073_00_1.jpg
https://www.carrefour.es/supermercado/aceite-de-oliva-virgen-extra-marques-de-grinon-500-ml/R-605401606/p,Aceite de oliva virgen extra Marqués de Griñón 500 ml.,"11,92 €",,"23,84 €/l",,La Despensa,Alimentación,Aceites y vinagres,https://static.carrefour.es/hd_510x_/img_pim_food/378169_00_1.jpg
https://www.carrefour.es/supermercado/vino-frizzante-amabile-rosado-bollicina-75-cl/R-783800400/p,Vino frizzante amabile rosado Bollicina 75 cl.,"1,89 €",,"1,89 €/ud",,Bebidas,Vinos,Rosado,https://static.carrefour.es/hd_510x_/img_pim_food/872216_00_1.jpg
https://www.carrefour.es/supermercado/papel-higienico-suave-y-grueso-supreme-confort-deco-carrefour-8-rollos/R-prod790164/p,Papel higienico suave y grueso supreme confort Deco Carrefour 8 rollos,"3,49 €",,"0,44 €/ud",,Limpieza y Hogar,Papel y Celulosa,Papel Higiénico,https://static.carrefour.es/hd_510x_/img_pim_food/991050_00_1.jpg
https://www.carrefour.es/supermercado/cafe-molido-natural-carrefour-500-g/R-fprod1280764/p,Café molido natural Carrefour 500 g.,"4,15 €",,"8,30 €/kg",,La Despensa,Desayuno,Cafés,https://static.carrefour.es/hd_510x_/img_pim_food/331397_00_1.jpg
https://www.carrefour.es/supermercado/tortitas-de-arroz-ecologicas-ecocesta-sin-gluten-115-g/R-758202758/p,Tortitas de arroz ecológicas Ecocesta sin gluten 115 g.,"1,86 €",,"16,17 €/kg",,La Despensa,Aperitivos,Tortitas,https://static.carrefour.es/hd_510x_/img_pim_food/767181_00_1.jpg
https://www.carrefour.es/supermercado/salsa-tres-quesos-carrefour-sin-gluten-tarro-300-g/R-551802009/p,Salsa tres quesos Carrefour sin gluten tarro 300 g.,"1,40 €",,"4,67 €/kg",,La Despensa,Alimentación,Salsas y Tomate Frito,https://static.carrefour.es/hd_510x_/img_pim_food/243154_00_1.jpg
https://www.carrefour.es/supermercado/leche-semidesnatada-hosteleria-gran-creme-rio-botella-15-l/R-VC4AECOMM-762397/p,"Leche semidesnatada hostelería Gran Cremé Rio botella 1,5 l.","1,87 €",,"1,25 €/l",,La Despensa,Lácteos,Leche,https://static.carrefour.es/hd_510x_/img_pim_food/762397_00_1.jpg
https://www.carrefour.es/supermercado/gazpacho-tradicional-ecologico-1-l/R-prod800303/p,Gazpacho tradicional ecológico 1 l,"3,80 €",,"3,80 €/l",,Productos Frescos,Platos Preparados Cocinados,"Ensaladas, Gazpachos y Sandwiches",https://static.carrefour.es/hd_510x_/img_pim_food/991783_00_1.jpg
https://www.carrefour.es/supermercado/discos-desmaquillantes-suaves-ecologicos-carrefour-bio-70-ud/R-551303301/p,Discos desmaquillantes suaves ecológicos Carrefour Bio 70 ud.,"1,78 €",,"0,03 €/ud",,Perfumería e Higiene,Cuidado y Protección Corporal,Limpieza Facial,https://static.carrefour.es/hd_510x_/img_pim_food/252359_00_1.jpg
https://www.carrefour.es/supermercado/aroma-de-vainilla-de-madagascar-dr-oetker-35-g/R-prod351541/p,Aroma de vainilla de Madagascar Dr. Oetker 35 g.,"5,59 €",,"159,71 €/kg",,La Despensa,Dulce,"Siropes, Aromas y Decoración",https://static.carrefour.es/hd_510x_/img_pim_food/418621_00_1.jpg
https://www.carrefour.es/supermercado/tinte-713-rubio-canela-garnier-olia-1-ud/R-684403580/p,Tinte 7.13 Rubio Canela Garnier Olia 1 ud.,"8,35 €",,"8,35 €/ud",,Perfumería e Higiene,Cabello,Tinte,https://static.carrefour.es/hd_510x_/img_pim_food/073469_00_1.jpg
https://www.carrefour.es/supermercado/cereales-espelta-flakes-sin-azucar-anadido-ecologicos-esgir-250-g/R-VC4AECOMM-336975/p,Cereales espelta flakes sin azúcar añadido ecológicos Esgir 250 g.,"2,19 €",,"8,76 €/kg",,La Despensa,Desayuno,Cereales,https://static.carrefour.es/hd_510x_/img_pim_food/336975_00_1.jpg
https://www.carrefour.es/supermercado/atun-en-aceite-de-oliva-virgen-ecologico-bi-linea-calvo-pack-de-3-unidades-de-52-g/R-VC4AECOMM-314113/p,"Atún en aceite de oliva virgen ecológico bi-línea Calvo pack de 3 unidades de 52 g,","5,09 €",,"32,63 €/kg",,La Despensa,"Conservas, Sopas y Precocinados",Conservas de Pescado y Marisco,https://static.carrefour.es/hd_510x_/img_pim_food/314113_00_1.jpg
https://www.carrefour.es/supermercado/comida-humeda-esterilizada-de-pescado-y-verduras-para-gatos-perfect-fit-pack-de-4-unidades-de-85-g/R-VC4AECOMM-638515/p,Comida húmeda esterilizada de pescado y verduras para gatos Perfect Fit pack de 4 unidades de 85 g.,"3,99 €",,"11,74 €/kg",,Mascotas,Gatos,Pienso para gatos,https://static.carrefour.es/hd_510x_/img_pim_food/638515_00_1.jpg
https://www.carrefour.es/supermercado/tortilla-de-patatas-carrefour-classic-sin-gluten-sin-lactosa-600-g/R-fprod1300009/p,Tortilla de patatas Carrefour Classic' sin gluten sin lactosa 600 g.,"2,39 €",,"3,98 €/kg",,La Despensa,"Conservas, Sopas y Precocinados","Tortillas, Empanadillas y Sandwiches",https://static.carrefour.es/hd_510x_/img_pim_food/333438_00_1.jpg
https://www.carrefour.es/supermercado/caja-de-limpieza-de-protesis-y-aparatos-de-ortodoncia-pierrot-1-ud/R-VC4AECOMM-430735/p,Caja de limpieza de protesis y aparatos de ortodoncia Pierrot 1 ud.,"4,29 €",,"4,29 €/ud",,Perfumería e Higiene,Boca y Sonrisa,Prótesis,https://static.carrefour.es/hd_510x_/img_pim_food/430735_00_1.jpg
https://www.carrefour.es/supermercado/zumo-tropical-innocent-botella-900-ml/R-VC4AECOMM-658509/p,Zumo tropical Innocent botella 900 ml.,"3,45 €",,"3,83 €/l",,Bebidas,Aguas y Zumos,Zumos Refrigerados,https://static.carrefour.es/hd_510x_/img_pim_food/658509_00_1.jpg
https://www.carrefour.es/supermercado/papel-higienico-acolchado-scottex-32-rollos/R-521001201/p,Papel higiénico Acolchado Scottex 32 rollos.,"16,99 €",,"0,53 €/ud",,Ofertas,,,https://static.carrefour.es/hd_510x_/img_pim_food/795279_00_1.jpg
https://www.carrefour.es/supermercado/patata-lisa-carrefour-classic-35-g/R-VC4AECOMM-132467/p,Patata lisa Carrefour Classic 35 g.,"0,60 €",,"17,14 €/kg",,La Despensa,Aperitivos,Patatas Fritas,https://static.carrefour.es/hd_510x_/img_pim_food/132467_00_1.jpg
https://www.carrefour.es/supermercado/compota-de-manzana-andros-750-g/R-590216765/p,Compota de manzana Andros 750 g.,"3,45 €",,"4,60 €/kg",,La Despensa,Dulce,"Mermeladas, Membrillos y Compotas",https://static.carrefour.es/hd_510x_/img_pim_food/799625_00_1.jpg
https://www.carrefour.es/supermercado/compresas-ultra-finas-con-alas-noche-teen-night-carrefour-12-ud/R-819114700/p,Compresas ultra finas con alas noche Teen night Carrefour 12 ud.,"1,81 €",,"0,15 €/ud",,Perfumería e Higiene,Higiene íntima,Compresas,https://static.carrefour.es/hd_510x_/img_pim_food/950960_00_1.jpg
https://www.carrefour.es/supermercado/hamburguesa-de-pavo-y-pollo-carrefour-540-g/R-fprod1430144/p,Hamburguesa de pavo y pollo Carrefour 540 g,"4,09 €",,"7,57 €/kg",,Productos Frescos,Carnicería,Hamburguesas,https://static.carrefour.es/hd_510x_/img_pim_food/374189_00_1.jpg
https://www.carrefour.es/supermercado/cepillo-interdental-fino-angular-lacer-6-ud/R-590512282/p,Cepillo interdental fino angular Lacer 6 ud.,"5,25 €",,"0,87 €/ud",,Parafarmacia,Higiene Bucal,Cepillos y Seda,https://static.carrefour.es/hd_510x_/img_pim_food/798726_00_1.jpg
https://www.carrefour.es/supermercado/galletas-de-chocolate-petit-choco-family-biscuits-420-g/R-VC4AECOMM-451429/p,Galletas de chocolate Petit Choco Family Biscuits 420 g.,"1,32 €",,"3,14 €/kg",,La Despensa,Desayuno,Galletas,https://static.carrefour.es/hd_510x_/img_pim_food/451429_00_1.jpg
https://www.carrefour.es/supermercado/preparado-de-soja-y-lima-limon-alpro-sin-gluten-y-sin-lactosa-400-g/R-VC4AECOMM-004276/p,Preparado de soja y lima-limón Alpro sin gluten y sin lactosa 400 g.,"2,29 €",,"5,72 €/kg",,La Despensa,Yogures y Postres,Vegetal,https://static.carrefour.es/hd_510x_/img_pim_food/004276_00_1.jpg
https://www.carrefour.es/supermercado/leche-entera-pascual-botella-15-l/R-VC4AECOMM-481198/p,"Leche entera Pascual botella 1,5 l.","1,88 €",,"1,25 €/l",,La Despensa,Lácteos,Leche,https://static.carrefour.es/hd_510x_/img_pim_food/481198_00_1.jpg
https://www.carrefour.es/supermercado/arroz-redondo-integral-para-microondas-classic-carrefour-sin-gluten-pack-de-2-unidades-de-125-g/R-VC4AECOMM-099187/p,Arroz redondo integral para microondas Classic Carrefour sin gluten pack de 2 unidades de 125 g.,"1,10 €",,"4,40 €/kg",,La Despensa,Alimentación,Arroz y Cous Cous,https://static.carrefour.es/hd_510x_/img_pim_food/099187_00_1.jpg
https://www.carrefour.es/supermercado/jamon-cocido-extra-en-lonchas-campofrio-finissimas-sin-gluten-y-sin-lactosa-170-g/R-VC4AECOMM-695366/p,Jamón Cocido Extra en lonchas Campofrío Finissimas sin gluten y sin lactosa 170 g,"2,89 €",,"17,00 €/kg",,Productos Frescos,Charcutería,Jamón Cocido y Lacón,https://static.carrefour.es/hd_510x_/img_pim_food/695366_00_1.jpg
https://www.carrefour.es/supermercado/yogur-natural-danone-original-pack-de-2-unidades-de-130-g/R-521029819/p,Yogur natural Danone Original pack de 2 unidades de 130 g.,"2,15 €",,"8,27 €/kg",,La Despensa,Yogures y Postres,Yogur Natural y Sabores,https://static.carrefour.es/hd_510x_/img_pim_food/002917_00_1.jpg
https://www.carrefour.es/supermercado/tomate-entero-pelado-ecologico-carrefour-bio-240-g/R-VC4AECOMM-606778/p,Tomate entero pelado ecológico Carrefour Bio 240 g.,"1,41 €",,"5,87 €/kg",,La Despensa,"Conservas, Sopas y Precocinados",Conservas de Tomate,https://static.carrefour.es/hd_510x_/img_pim_food/606778_00_1.jpg
https://www.carrefour.es/supermercado/seda-dental-menta-essencial-floss-oral-b-50-m/R-521000366/p,Seda dental menta Essencial Floss Oral-B 50 m.,"4,05 €",,"4,05 €/ud",,Perfumería e Higiene,Boca y Sonrisa,"Cepillos, Recambios y Accesorios",https://static.carrefour.es/hd_510x_/img_pim_food/008934_00_1.jpg
https://www.carrefour.es/supermercado/conos-de-maiz-sabor-a-queso-lays-3ds-bugles-100-g/R-prod731306/p,Conos de maíz sabor a queso Lay's 3D's Bugles 100 g.,"2,05 €",,"20,50 €/kg",,La Despensa,Aperitivos,Snacks,https://static.carrefour.es/hd_510x_/img_pim_food/856282_00_1.jpg
https://www.carrefour.es/supermercado/escalope-de-pollo-ecologico-carrefour-bio-220-g/R-fprod1310076/p,Escalope de Pollo Ecológico Carrefour Bio 220 g,"3,52 €",,"15,99 €/kg",,Productos Frescos,Carnicería,Aves y Pollo,https://static.carrefour.es/hd_510x_/img_pim_food/333868_00_1.jpg
https://www.carrefour.es/supermercado/vino-blanco-joven-macabeo-marques-dospalacios-vendimia-seleccionada-75-cl/R-520661390/p,Vino blanco joven macabeo Marqués Dospalacios Vendimia Seleccionada 75 cl.,"1,25 €",,"1,67 €/l",,Bebidas,Vinos,Blanco,https://static.carrefour.es/hd_510x_/img_pim_food/300420_00_1.jpg
https://www.carrefour.es/supermercado/yogur-con-fresa-nestle-la-lechera-pack-de-2-unidades-de-125-g/R-521029807/p,Yogur con fresa Nestlé La Lechera pack de 2 unidades de 125 g.,"1,57 €",,"6,28 €/kg",,La Despensa,Yogures y Postres,Yogur Natural y Sabores,https://static.carrefour.es/hd_510x_/img_pim_food/520946_00_1.jpg
https://www.carrefour.es/supermercado/esparragos-blancos-gruesos-6-12-carrefour-325-g/R-fprod1460151/p,Espárragos blancos gruesos 6/12 Carrefour 325 g.,"2,99 €",,"9,20 €/kg",,La Despensa,"Conservas, Sopas y Precocinados",Conservas de Vegetales,https://static.carrefour.es/hd_510x_/img_pim_food/387665_00_1.jpg
https://www.carrefour.es/supermercado/queso-azul-en-lonchas-blue-lazur-100-g/R-846600378/p,Queso azul en lonchas Blue Lazur 100 g.,"2,50 €",,"25,00 €/kg",,Productos Frescos,Quesos,Azules y Roquefort,https://static.carrefour.es/hd_510x_/img_pim_food/019472_00_1.jpg
https://www.carrefour.es/supermercado/cerveza-artesana-la-cibeles-rubia-botella-33-cl/R-645107391/p,Cerveza artesana La Cibeles rubia botella 33 cl.,"1,83 €",,"5,55 €/l",,Bebidas,Cerveza,Todas las Cervezas,https://static.carrefour.es/hd_510x_/img_pim_food/815484_00_1.jpg
https://www.carrefour.es/supermercado/cava-aromes-de-celler-brut-75-cl/R-VC4AECOMM-378307/p,Cava Aromes de Celler brut 75 cl.,"4,15 €",,"4,15 €/ud",,Bebidas,Cava y champagne,Cavas,https://static.carrefour.es/hd_510x_/img_pim_food/378307_00_1.jpg
https://www.carrefour.es/supermercado/cepillo-de-dientes-suave-cerdas-cruzadas-carrefour-soft-2-ud/R-VC4AECOMM-481279/p,Cepillo de dientes suave cerdas cruzadas Carrefour Soft 2 ud.,"1,24 €",,"0,62 €/ud",,Perfumería e Higiene,Boca y Sonrisa,"Cepillos, Recambios y Accesorios",https://static.carrefour.es/hd_510x_/img_pim_food/481279_00_1.jpg
https://www.carrefour.es/supermercado/helado-mango-passionfruit-yoghurt-les-desserts-carte-dor-850-ml/R-VC4AECOMM-161076/p,"Helado Mango, Passionfruit & Yoghurt Les Desserts Carte D'Or 850 ml.","5,65 €",,"12,67 €/kg",,,,,https://static.carrefour.es/hd_510x_/img_pim_food/161076_00_1.jpg
https://www.carrefour.es/supermercado/orejon-de-albaricoque-carrefour-el-mercado-tarrina-de-250-g/R-prod1070674/p,Orejón de Albaricoque Carrefour El Mercado tarrina de 250 g,"3,18 €",,"12,72 €/kg",,La Despensa,Aperitivos,Frutas Desecadas,https://static.carrefour.es/hd_510x_/img_pim_food/142290_00_1.jpg
https://www.carrefour.es/supermercado/ajo-puerro-tierno-grande-manojo-de-150-g/R-522714026/p,Ajo-Puerro tierno grande manojo de 150 g,"2,03 €",,"13,53 €/kg",,Productos Frescos,Verduras y hortalizas,Hortalizas,https://static.carrefour.es/hd_510x_/img_pim_food/176737_00_1.jpg
https://www.carrefour.es/supermercado/lejia-perfumada-con-detergente-frescor-marino-carrefour-5-l/R-863606168/p,Lejía perfumada con detergente Frescor Marino Carrefour 5 l.,"2,75 €",,"0,55 €/l",,Limpieza y Hogar,Productos para toda la casa,Lejías y Amoniacos,https://static.carrefour.es/hd_510x_/img_pim_food/147467_00_1.jpg
https://www.carrefour.es/supermercado/queso-de-vaca-tierno-alto-contenido-en-proteinas-eatlean-350-g/R-VC4AECOMM-683060/p,Queso de vaca tierno alto contenido en proteínas Eatlean 350 g,"7,40 €",,"21,14 €/kg",,Productos Frescos,Quesos,Tierno,https://static.carrefour.es/hd_510x_/img_pim_food/683060_00_1.jpg
https://www.carrefour.es/supermercado/te-chai-con-especias-en-bolsitas-hornimans-20-ud/R-676401760/p,Té Chai con especias en bolsitas Hornimans 20 ud.,"2,89 €",,"72,25 €/kg",,,,,https://static.carrefour.es/hd_510x_/img_pim_food/035218_00_1.jpg
https://www.carrefour.es/supermercado/pizza-de-jamon-y-queso-carrefour-classic-400-g/R-521030210/p,Pizza de jamón y queso Carrefour Classic' 400 g.,"2,45 €",,"6,12 €/kg",,La Despensa,"Conservas, Sopas y Precocinados",Pizzas,https://static.carrefour.es/hd_510x_/img_pim_food/266899_00_1.jpg
https://www.carrefour.es/supermercado/panettone-cookie-balocco-800-g/R-VC4AECOMM-280003/p,Panettone cookie Balocco 800 g,"11,50 €",,"14,37 €/kg",,Productos Frescos,Panadería Tradicional,Bollería Tradicional,https://static.carrefour.es/hd_510x_/img_pim_food/280003_00_1.jpg
https://www.carrefour.es/supermercado/cafe-largo-en-capsulas-marcilla-tassimo-16-unidades-de-83-g/R-852200326/p,"Café largo en cápsulas Marcilla Tassimo 16 unidades de 8,3 g.","5,15 €",,"39,02 €/kg",,,,,https://static.carrefour.es/hd_510x_/img_pim_food/061397_00_1.jpg
https://www.carrefour.es/supermercado/mazada-bebida-lactea-natural-pastor-de-aranda-pascual-brik-1-l/R-VC4AECOMM-187303/p,Mazada bebida láctea natural Pastor de Aranda Pascual brik 1 l.,"0,98 €",,"0,98 €/l",,La Despensa,Lácteos,Leche,https://static.carrefour.es/hd_510x_/img_pim_food/187303_00_1.jpg
https://www.carrefour.es/supermercado/jamon-serrano-carrefour-calidad-y-origen-loncheado-envase-100-g/R-prod310064/p,Jamón serrano Carrefour Calidad y Origen loncheado envase 100 g,"3,45 €",,"34,50 €/kg",,Productos Frescos,Charcutería,Jamón Serrano e Ibérico Envasado,https://static.carrefour.es/hd_510x_/img_pim_food/367209_00_1.jpg
https://www.carrefour.es/supermercado/yogur-estilo-griego-sirtaki-de-citricos-ecologico-casa-grande-de-xanceda-sin-gluten-400-g/R-VC4AECOMM-476823/p,Yogur estilo griego sirtaki de cítricos ecológico Casa Grande de Xanceda sin gluten 400 g.,"3,39 €",,"8,47 €/kg",,La Despensa,Yogures y Postres,Yogures Griegos y Enriquecidos,https://static.carrefour.es/hd_510x_/img_pim_food/476823_00_1.jpg
https://www.carrefour.es/supermercado/boligrafos-paper-mate-inkjoy-100st-surtidos/R-prod1023172/p,Bolígrafos Paper Mate InkJoy 100St Surtidos,"4,39 €",,"0,44 €/ud",,Limpieza y Hogar,Papelería,Bolígrafos y correctores,https://static.carrefour.es/hd_510x_/img_pim_food/971285_00_1.jpg
https://www.carrefour.es/supermercado/gamba-blanca-cocida-congelada-carrefour-extra-500-g/R-prod1060160/p,Gamba blanca cocida congelada Carrefour Extra 500 g,"8,79 €",,"17,58 €/kg",,,,,https://static.carrefour.es/hd_510x_/img_pim_food/124267_00_1.jpg
https://www.carrefour.es/supermercado/cafe-extra-fuerte-monodosis-gran-aroma-marcilla-compatible-con-senseo-28-ud/R-845100304/p,Café extra fuerte monodosis Gran Aroma Marcilla compatible con Senseo 28 ud.,"5,39 €",,"27,78 €/kg",,,,,https://static.carrefour.es/hd_510x_/img_pim_food/001401_00_1.jpg
https://www.carrefour.es/supermercado/pizza-con-atun-mozzarella-y-cebolla-roja-bella-napoli-buitoni-455-g/R-VC4AECOMM-530446/p,"Pizza con atún, mozzarella y cebolla roja Bella Napoli Buitoni 455 g.","6,55 €",,"14,40 €/kg",,Congelados,Pizzas Congeladas,,https://static.carrefour.es/hd_510x_/img_pim_food/530446_00_1.jpg
https://www.carrefour.es/supermercado/mayonesa-daddies-sin-gluten-36-l/R-prod210295/p,"Mayonesa Daddies sin gluten 3,6 l.","11,29 €",,"3,14 €/l",,La Despensa,Alimentación,Salsas y Tomate Frito,https://static.carrefour.es/hd_510x_/img_pim_food/227038_00_1.jpg
https://www.carrefour.es/supermercado/helado-de-caramelo-salado-double-magnum-440-ml/R-prod1140025/p,Helado de caramelo salado Double Magnum 440 ml.,"7,59 €",,"24,48 €/kg",,Congelados,Helados,Tarrinas,https://static.carrefour.es/hd_510x_/img_pim_food/194406_00_1.jpg
https://www.carrefour.es/supermercado/set-2-estropajos-spontex-pure-power/R-fprod1210022/p,Set 2 Estropajos SPONTEX Pure Power,"3,99 €",,"1,99 €/ud",,Limpieza y Hogar,Utensilios de Limpieza,Estropajos,https://static.carrefour.es/hd_510x_/img_pim_food/359678_00_1.jpg
https://www.carrefour.es/supermercado/rooibos-con-vainilla-en-bolsitas-pompadour-20-ud/R-526539301/p,Rooibos con vainilla en bolsitas Pompadour 20 ud.,"2,95 €",,"73,75 €/kg",,La Despensa,Desayuno,Infusiones y Tés,https://static.carrefour.es/hd_510x_/img_pim_food/791466_00_1.jpg
https://www.carrefour.es/supermercado/lavavajillas-a-maquina-pastillas-todo-en-uno-limon-fairy-original-100-ud/R-VC4AECOMM-467234/p,Lavavajillas a máquina pastillas todo en uno limón Fairy Original 100 ud.,"26,00 €",,"0,26 €/lavado",,Limpieza y Hogar,Productos para Cocina,Lavavajillas a máquina,https://static.carrefour.es/hd_510x_/img_pim_food/467234_00_1.jpg
https://www.carrefour.es/supermercado/zumo-de-manzana-y-frutos-del-bosque-carrefour-botella-25-cl/R-841500512/p,Zumo de manzana y frutos del bosque Carrefour botella 25 cl.,"1,79 €",,"7,16 €/l",,Bebidas,Aguas y Zumos,Zumos Refrigerados,https://static.carrefour.es/hd_510x_/img_pim_food/980202_00_1.jpg
https://www.carrefour.es/supermercado/finger-de-pollo-nicolasa-400-g/R-VC4AECOMM-504982/p,Finger de pollo Nicolasa 400 g.,"2,99 €",,"7,48 €/kg",,Congelados,Rebozados y Platos Preparados,,https://static.carrefour.es/hd_510x_/img_pim_food/504982_00_1.jpg
https://www.carrefour.es/supermercado/queso-curado-grattugia-facile-biraghi-200-g/R-VC4AECOMM-688418/p,Queso curado grattugia facile Biraghi 200 g,"5,91 €",,"29,55 €/kg",,Productos Frescos,Quesos,Todos los Quesos,https://static.carrefour.es/hd_510x_/img_pim_food/688418_00_1.jpg
https://www.carrefour.es/supermercado/almendra-largueta-piel-frita-carrefour-tarrina-250-g/R-prod1070725/p,Almendra largueta piel frita Carrefour tarrina 250 g,"5,09 €",,"20,36 €/kg",,La Despensa,Aperitivos,Frutos Secos,https://static.carrefour.es/hd_510x_/img_pim_food/142160_00_1.jpg
https://www.carrefour.es/supermercado/manzanilla-con-miel-en-bolsitas-hornimans-25-ud/R-521003134/p,Manzanilla con miel en bolsitas Hornimans 25 ud.,"2,15 €",,"61,43 €/kg",,La Despensa,Desayuno,Infusiones y Tés,https://static.carrefour.es/hd_510x_/img_pim_food/215887_00_1.jpg
https://www.carrefour.es/supermercado/cerveza-amstel-00-sin-alcohol-lata-33-cl/R-593401852/p,"Cerveza Amstel 0,0 sin alcohol lata 33 cl.","0,82 €",,"2,48 €/l",,Bebidas,Cerveza,Todas las Cervezas,https://static.carrefour.es/hd_510x_/img_pim_food/346883_00_1.jpg
https://www.carrefour.es/supermercado/agua-mineral-aquabona-50-cl/R-526627408/p,Agua mineral Aquabona 50 cl.,"0,63 €",,"1,26 €/l",,Bebidas,Aguas y Zumos,"Agua hasta 0,75 litros",https://static.carrefour.es/hd_510x_/img_pim_food/561384_00_1.jpg
https://www.carrefour.es/supermercado/yogur-con-pepitas-de-chocolate-danone-104-g/R-VC4AECOMM-500569/p,Yogur con pepitas de chocolate Danone 104 g.,"0,69 €",,"6,63 €/kg",,La Despensa,Yogures y Postres,Yogur Natural y Sabores,https://static.carrefour.es/hd_510x_/img_pim_food/500569_00_1.jpg
https://www.carrefour.es/supermercado/queso-de-vaca-alto-en-proteina-en-lonchas-el-ventero-120-g/R-VC4AECOMM-369421/p,Queso de vaca alto en proteína en lonchas El Ventero 120 g.,"3,36 €",,"28,00 €/kg",,Productos Frescos,Quesos,Todos los Quesos,https://static.carrefour.es/hd_510x_/img_pim_food/369421_00_1.jpg
https://www.carrefour.es/supermercado/yogur-con-manzana-y-platano-ecologico-junior-casa-grande-de-xanceda-sin-gluten-pack-de-2-unidades-de-125-g/R-590206225/p,Yogur con manzana y plátano ecológico Junior Casa Grande de Xanceda sin gluten pack de 2 unidades de 125 g.,"2,15 €",,"8,60 €/kg",,La Despensa,Yogures y Postres,Yogures Infantiles,https://static.carrefour.es/hd_510x_/img_pim_food/187220_00_1.jpg
https://www.carrefour.es/supermercado/cepillo-de-dientes-medio-lacer-2-ud/R-prod1140081/p,Cepillo de dientes medio Lacer 2 ud.,"6,55 €",,"3,27 €/ud",,Parafarmacia,Higiene Bucal,Cepillos y Seda,https://static.carrefour.es/hd_510x_/img_pim_food/193817_00_1.jpg
https://www.carrefour.es/supermercado/descalcificador-pequeno-electrodomestico-carrefour-500-ml/R-fprod1460561/p,Descalcificador Pequeño Electrodoméstico Carrefour 500 ml.,"2,29 €",,"4,58 €/l",,Limpieza y Hogar,Productos para Cocina,Limpiadores Electrodomésticos Cocina,https://static.carrefour.es/hd_510x_/img_pim_food/400424_00_1.jpg
https://www.carrefour.es/supermercado/batido-de-fresa-puleva-sin-gluten-pack-de-6-briks-de-200-ml/R-521007101/p,Batido de fresa Puleva sin gluten pack de 6 briks de 200 ml.,"2,69 €",,"2,24 €/l",,La Despensa,Lácteos,Batidos y Horchatas,https://static.carrefour.es/hd_510x_/img_pim_food/686697_00_1.jpg
https://www.carrefour.es/supermercado/ginebra-brockmans-premium-70-cl/R-787575859/p,Brockmans Ginebra,"35,90 €",,"51,29 €/l",,Bebidas,Alcoholes,Ginebra,https://static.carrefour.es/hd_510x_/img_pim_food/880732_00_1.jpg
https://www.carrefour.es/supermercado/desodorante-roll-on-dermo-sensitive-48h-antitranspirante-sanex-pack-de-2-unidades-de-50-ml/R-520664833/p,Desodorante roll-on dermo sensitive 48h antitranspirante Sanex pack de 2 unidades de 50 ml.,"3,89 €",,"3,89 €/100ml",,Perfumería e Higiene,Baño e Higiene Corporal,Desodorantes,https://static.carrefour.es/hd_510x_/img_pim_food/540936_00_1.jpg
https://www.carrefour.es/supermercado/protector-labial-neutral-fp-30-luxilips-1-ud/R-764435760/p,Protector labial neutral FP 30 Luxilips 1 ud.,"2,39 €",,"56,90 €/100g",,Parafarmacia,Cuidado e higiene facial,Cuidado Labial,https://static.carrefour.es/hd_510x_/img_pim_food/772897_00_1.jpg
https://www.carrefour.es/supermercado/pechugas-de-pavo-marinadas-al-pimenton-carrefour-500-g-aprox/R-VC4AECOMM-268581/p,Pechugas de Pavo Marinadas al Pimentón Carrefour 500 g aprox,"4,14 €",,"8,29 €/kg",,Productos Frescos,Carnicería,Aves y Pollo,https://static.carrefour.es/hd_510x_/img_pim_food/268581_00_1.jpg
https://www.carrefour.es/supermercado/huevos-frescos-carrefour-el-mercado-12-ud/R-VC4AECOMM-307925/p,Huevos Frescos Carrefour El Mercado 12 ud.,"3,21 €",,"3,21 €/docena",,La Despensa,Huevos,Huevos frescos,https://static.carrefour.es/hd_510x_/img_pim_food/307925_00_1.jpg
https://www.carrefour.es/supermercado/hamburguesa-de-vacuno-anojo-circulo-de-calidad-4x90-g/R-VC4AECOMM-813770/p,Hamburguesa de vacuno añojo Círculo de Calidad 4x90 g,"3,60 €",,"10,00 €/kg",,Productos Frescos,Carnicería,Hamburguesas,https://static.carrefour.es/hd_510x_/img_pim_food/813770_00_1.jpg
https://www.carrefour.es/supermercado/boquerones-en-vinagre-con-aceite-de-oliva-virgen-extra-lorea-55-g/R-VC4AECOMM-363291/p,Boquerones en vinagre con aceite de oliva virgen extra Lorea 55 g.,"3,99 €",,"72,55 €/kg",,La Despensa,"Conservas, Sopas y Precocinados",Conservas de Pescado y Marisco,https://static.carrefour.es/hd_510x_/img_pim_food/363291_00_1.jpg
https://www.carrefour.es/supermercado/arandanos-rojos-ecologico-confitado-carrefour-granel-125-g/R-prod271061/p,Arandanos rojos ecológico confitado Carrefour granel 125 g,"3,93 €",,"26,20 €/kg",,La Despensa,Aperitivos,Frutas Desecadas,https://static.carrefour.es/hd_510x_/img_pim_food/302251_00_1.jpg
https://www.carrefour.es/supermercado/jamon-cocido-extra-en-finas-lonchas-carrefour-el-mercado-200-g/R-VC4AECOMM-050697/p,Jamón Cocido Extra en finas lonchas Carrefour El Mercado 200 g,"1,99 €",,"9,95 €/kg",,Productos Frescos,Charcutería,Jamón Cocido y Lacón,https://static.carrefour.es/hd_510x_/img_pim_food/050697_00_1.jpg
https://www.carrefour.es/supermercado/pienso-de-queso-para-gato-catisfaction-180-g/R-VC4AECOMM-025778/p,Pienso de queso para gato Catisfaction 180 g,"4,15 €",,"23,06 €/kg",,Mascotas,Gatos,Pienso para gatos,https://static.carrefour.es/hd_510x_/img_pim_food/025778_00_1.jpg
https://www.carrefour.es/supermercado/champu-anticaida-pilexil-300-ml/R-590508016/p,Champú anticaída Pilexil 300 ml.,"12,89 €",,"4,30 €/100ml",,Parafarmacia,Cabello,Champús Anticaída,https://static.carrefour.es/hd_510x_/img_pim_food/548583_00_1.jpg
https://www.carrefour.es/supermercado/yogur-griego-de-lima-limon-carrefour-extra-pack-de-6-unidades-de-125-g/R-VC4AECOMM-592429/p,Yogur griego de lima limón Carrefour Extra pack de 6 unidades de 125 g.,"1,79 €",,"2,39 €/kg",,La Despensa,Yogures y Postres,Yogures Griegos y Enriquecidos,https://static.carrefour.es/hd_510x_/img_pim_food/592429_00_1.jpg
https://www.carrefour.es/supermercado/cerveza-coors-lager-norteamericana-botella-33-cl/R-829844982/p,Cerveza Coors Lager Norteamericana botella 33 cl.,"1,43 €",,"4,33 €/l",,Bebidas,Cerveza,Todas las Cervezas,https://static.carrefour.es/hd_510x_/img_pim_food/965207_00_1.jpg
https://www.carrefour.es/supermercado/tinte-creme-n-3-castano-oscuro-loreal-excellence-1-ud/R-520663531/p,Tinte creme nº 3 Castaño Oscuro L'Oréal Excellence 1 ud.,"8,89 €",,"8,89 €/ud",,Perfumería e Higiene,Cabello,Tinte,https://static.carrefour.es/hd_510x_/img_pim_food/037244_00_1.jpg
https://www.carrefour.es/supermercado/fabada-asturiana-litoral-sin-gluten-420-g/R-VC4AECOMM-441712/p,Fabada Asturiana Litoral sin gluten 420 g.,"2,49 €",,"5,93 €/kg",,La Despensa,"Conservas, Sopas y Precocinados",Platos Tradicionales,https://static.carrefour.es/hd_510x_/img_pim_food/441712_00_1.jpg
https://www.carrefour.es/supermercado/bonito-del-norte-en-aceite-de-oliva-de-nuestra-tierra-600-g/R-526627370/p,Bonito del norte en aceite de oliva De Nuestra Tierra 600 g.,"23,40 €",,"39,00 €/kg",,La Despensa,"Conservas, Sopas y Precocinados",Conservas de Pescado y Marisco,https://static.carrefour.es/hd_510x_/img_pim_food/464949_00_1.jpg
https://www.carrefour.es/supermercado/chicharro-1-kg-aprox/R-628108316/p,Chicharro 1 kg aprox,"4,99 €",,,,Productos Frescos,Pescadería,Pescado Fresco,https://static.carrefour.es/hd_510x_/img_pim_food/234755_00_1.jpg
https://www.carrefour.es/supermercado/gel-de-ducha-piel-sana-instituto-espanol-1250-ml/R-789471590/p,Gel de ducha piel sana Instituto Español 1250 ml.,"2,89 €",,"0,23 €/100ml",,Perfumería e Higiene,Baño e Higiene Corporal,Geles de Baño,https://static.carrefour.es/hd_510x_/img_pim_food/884482_00_1.jpg
https://www.carrefour.es/supermercado/lomo-de-cebo-iberico-50-raza-iberica-en-lonchas-salamanca-diaz-corizo-iberico-en-lonchas-salamanca-diaz-salchichon-iberico-en-lonchas-salamanca-diaz-90-g/R-prod410202/p,Lomo de Cebo Ibérico 50% Raza Ibérica en lonchas Salamanca Díaz + Corizo Ibérico en lonchas Salamanca Díaz + Salchichón Ibérico en lonchas Salamanca Díaz 90 g,"6,19 €",,"6,19 €/ud",,Productos Frescos,Charcutería,"Chorizo, Lomo y Otros",https://static.carrefour.es/hd_510x_/img_pim_food/507187_00_1.jpg
https://www.carrefour.es/supermercado/detergente-en-capsulas-trio-caps-adios-al-separar-micolor-30-ud/R-VC4AECOMM-720482/p,Detergente en capsulas Trio Caps Adiós Al Separar Micolor 30 ud.,"11,45 €",,"0,38 €/lavado",,Limpieza y Hogar,Cuidado de la Ropa,Detergentes,https://static.carrefour.es/hd_510x_/img_pim_food/720482_00_1.jpg
https://www.carrefour.es/supermercado/acondicionador-equilibrante-con-carbon-magnetico-y-semilla-negra-original-remedies-garnier-250-ml/R-VC4AECOMM-154115/p,Acondicionador equilibrante con carbón magnético y semilla negra Original Remedies Garnier 250 ml.,"3,35 €",,"1,34 €/100ml",,Perfumería e Higiene,Cabello,Acondicionadores,https://static.carrefour.es/hd_510x_/img_pim_food/154115_00_1.jpg
https://www.carrefour.es/supermercado/quesos-de-oveja-madurados-buenalba-150-g/R-VC4AECOMM-398883/p,Quesos de oveja madurados Buenalba 150 g,"6,78 €",,"45,20 €/kg",,Productos Frescos,Quesos,Todos los Quesos,https://static.carrefour.es/hd_510x_/img_pim_food/398883_00_1.jpg
https://www.carrefour.es/supermercado/anacardo-frito-con-miel-sensation-carrefour-125-g/R-VC4AECOMM-352527/p,Anacardo frito con miel Sensation Carrefour 125 g.,"2,19 €",,"17,52 €/kg",,La Despensa,Aperitivos,Frutos Secos,https://static.carrefour.es/hd_510x_/img_pim_food/352527_00_1.jpg
https://www.carrefour.es/supermercado/salsa-brava-hellmanns-sin-gluten-envase-250-ml/R-649302157/p,Salsa brava Hellmann's sin gluten envase 250 ml.,"2,29 €",,"9,16 €/l",,La Despensa,Alimentación,Salsas y Tomate Frito,https://static.carrefour.es/hd_510x_/img_pim_food/819283_00_1.jpg
https://www.carrefour.es/supermercado/yatekomo-yakisoba-gallina-blanca-pack-de-3-unidades-de-93-g/R-870701787/p,Yatekomo Yakisoba Gallina Blanca pack de 3 unidades de 93 g.,"5,75 €",,"20,61 €/kg",,La Despensa,"Conservas, Sopas y Precocinados",Platos Preparados,https://static.carrefour.es/hd_510x_/img_pim_food/179232_00_1.jpg
https://www.carrefour.es/supermercado/vino-blanco-joven-puerta-de-hierro-do-vinos-de-madrid-75-cl/R-589802120/p,Puerta De Hierro 2023,"2,79 €",,"2,79 €/ud",,Bebidas,Vinos,Blanco,https://static.carrefour.es/hd_510x_/img_pim_food/228355_00_1.jpg
https://www.carrefour.es/supermercado/pan-de-sandwich-dr-schar-280-g/R-VC4AECOMM-604128/p,Pan de sandwich Dr. Schär 280 g.,"4,35 €",,"15,54 €/kg",,La Despensa,"Panaderia, Bollería y Pastelería",Pan de Molde,https://static.carrefour.es/hd_510x_/img_pim_food/604128_00_1.jpg
https://www.carrefour.es/supermercado/bifidus-fibras-y-probioticos-con-avena-y-nueves-danone-activia-pack-de-8-unidades-de-115-g/R-VC4AECOMM-384246/p,Bífidus fibras y probióticos con avena y nueves Danone Activia pack de 8 unidades de 115 g.,"4,69 €",,"5,10 €/kg",,La Despensa,Yogures y Postres,Bífidus,https://static.carrefour.es/hd_510x_/img_pim_food/384246_00_1.jpg
https://www.carrefour.es/supermercado/bolsas-de-basura-perfumada-100-reciclado-handy-bag-10l-15-ud/R-VC4AECOMM-800607/p,Bolsas de Basura Perfumada 100% Reciclado HANDY BAG 10L 15 ud,"2,29 €",,"0,15 €/ud",,Limpieza y Hogar,Utensilios de Limpieza,Bolsas de Basura,https://static.carrefour.es/hd_510x_/img_pim_food/800607_00_1.jpg
https://www.carrefour.es/supermercado/queso-semicurado-de-cabra-corteza-pimentonada-carrefour-extra-cuna-450-g/R-VC4AECOMM-712152/p,Queso semicurado de cabra corteza pimentonada Carrefour Extra cuña 450 g.,"8,69 €",,"19,31 €/kg",,Productos Frescos,Quesos,Semicurado,https://static.carrefour.es/hd_510x_/img_pim_food/712152_00_1.jpg
https://www.carrefour.es/supermercado/spray-gatos-vitakraft-catnip-50-ml/R-prod880510/p,Spray Gatos Vitakraft Catnip 50 ml,"1,89 €",,"37,80 €/l",,Mascotas,Gatos,Accesorios e Higiene,https://static.carrefour.es/hd_510x_/img_pim_food/945721_00_1.jpg
https://www.carrefour.es/supermercado/zumo-amazonas-100-natural-bifrutas-sin-azucar-anadido-botella-24-cl/R-VC4AECOMM-360132/p,Zumo Amazonas 100% Natural Bifrutas sin azúcar añadido botella 24 cl.,"0,99 €",,"4,12 €/l",,Bebidas,Aguas y Zumos,Zumos no Refrigerados,https://static.carrefour.es/hd_510x_/img_pim_food/360132_00_1.jpg
https://www.carrefour.es/supermercado/surtido-de-caramelos-de-goma-y-geles-dules-fun-box-fini-sin-gluten-70-g/R-fprod1260279/p,Surtido de caramelos de goma y geles dules Fun Box Fini sin gluten 70 g.,"1,39 €",,"19,86 €/kg",,La Despensa,Dulce,Dulces y Golosinas,https://static.carrefour.es/hd_510x_/img_pim_food/837581_00_1.jpg
https://www.carrefour.es/supermercado/te-classic-en-bolsitas-hornimans-25-ud/R-520660321/p,Té Classic en bolsitas Hornimans 25 ud.,"2,15 €",,"48,86 €/kg",,La Despensa,Desayuno,Infusiones y Tés,https://static.carrefour.es/hd_510x_/img_pim_food/001730_00_1.jpg
https://www.carrefour.es/supermercado/comida-humeda-buey-y-pavo-para-gato-adulto-ultima-4-x-85-g/R-prod930225/p,Comida húmeda buey y pavo para gato adulto Ultima 4 x 85 g,"3,99 €",,"11,74 €/kg",,Mascotas,Gatos,Pienso para gatos,https://static.carrefour.es/hd_510x_/img_pim_food/045896_00_1.jpg
https://www.carrefour.es/supermercado/yogur-desnatado-proteina-natural-danone-sin-gluten-sin-azuzar-anadido-pack-de-4-unidades-de-105-g/R-VC4AECOMM-206985/p,Yogur desnatado proteína natural Danone sin gluten sin azuzar añadido pack de 4 unidades de 105 g.,"1,99 €",,"4,91 €/kg",,La Despensa,Yogures y Postres,Yogures Desnatados,https://static.carrefour.es/hd_510x_/img_pim_food/206985_00_1.jpg
https://www.carrefour.es/supermercado/empanada-rectangular-vegana-carrefour-800-g/R-VC4AECOMM-555474/p,Empanada rectangular vegana Carrefour 800 g,"5,35 €",,"5,35 €/ud",,Productos Frescos,Panadería Tradicional,Empanadas y hojaldres,https://static.carrefour.es/hd_510x_/img_pim_food/555474_00_1.jpg
https://www.carrefour.es/supermercado/ambientador-de-varillas-flor-de-jazmin-recambio-carrefour-250-ml/R-VC4AECOMM-747797/p,Ambientador de varillas flor de jazmín recambio Carrefour 250 ml.,"6,15 €",,"24,60 €/l",,Limpieza y Hogar,Ambientadores,Decorativos,https://static.carrefour.es/hd_510x_/img_pim_food/747797_00_1.jpg
https://www.carrefour.es/supermercado/galletas-de-chocolate-blanco-estrellas-principe-225-g/R-529039500/p,Galletas de chocolate blanco Estrellas Príncipe 225 g.,"2,45 €",,"10,89 €/kg",,,,,https://static.carrefour.es/hd_510x_/img_pim_food/154632_00_1.jpg
https://www.carrefour.es/supermercado/chocolate-negro-intenso-85-cacao-carrefour-selection-sin-gluten-100-g/R-VC4AECOMM-095367/p,Chocolate negro intenso 85% cacao Carrefour Selection sin gluten 100 g.,"1,85 €",,"18,50 €/kg",,La Despensa,Dulce,Bombones y Chocolates,https://static.carrefour.es/hd_510x_/img_pim_food/095367_00_1.jpg
https://www.carrefour.es/supermercado/leche-fermentada-liquida-desnatada-natural-sanus-carrefour-pack-de-6-unidades-de-100-g/R-799715650/p,Leche fermentada líquida desnatada natural Sanus Carrefour pack de 6 unidades de 100 g.,"1,70 €",,"2,83 €/kg",,La Despensa,Yogures y Postres,Yogures Líquidos,https://static.carrefour.es/hd_510x_/img_pim_food/904716_00_1.jpg
https://www.carrefour.es/supermercado/tortitas-de-arroz-integrales-sabor-yogur-bicentury-130-g/R-521014020/p,Tortitas de arroz integrales sabor yogur Bicentury 130 g.,"2,79 €",,"21,46 €/kg",,La Despensa,Aperitivos,Tortitas,https://static.carrefour.es/hd_510x_/img_pim_food/352768_00_1.jpg
https://www.carrefour.es/supermercado/cebollitas-en-vinagre-de-modena-rioverde-sin-gluten-120-g/R-VC4AECOMM-366829/p,Cebollitas en vinagre de módena Rioverde sin gluten 120 g.,"2,25 €",,"18,75 €/kg",,La Despensa,Aperitivos,Aceitunas y Encurtidos,https://static.carrefour.es/hd_510x_/img_pim_food/366829_00_1.jpg
https://www.carrefour.es/supermercado/coca-cola-pack-de-4-botellas-de-20-cl/R-VC4AECOMM-434683/p,Coca Cola pack de 4 botellas de 20 cl.,"4,29 €",,"5,36 €/l",,Bebidas,Refrescos,Colas,https://static.carrefour.es/hd_510x_/img_pim_food/434683_00_1.jpg
https://www.carrefour.es/supermercado/flan-de-dulce-de-leche-carrefour-sin-gluten-pack-de-4-unidades-de-100-g/R-VC4AECOMM-507957/p,Flan de dulce de leche Carrefour sin gluten pack de 4 unidades de 100 g.,"2,55 €",,"6,37 €/kg",,La Despensa,Yogures y Postres,Flanes,https://static.carrefour.es/hd_510x_/img_pim_food/507957_00_1.jpg
https://www.carrefour.es/supermercado/pizza-barbacoa-casa-tarradellas-pack-de-2-unidades-de-220-g/R-VC4AECOMM-423240/p,Pizza barbacoa Casa Tarradellas pack de 2 unidades de 220 g.,"3,49 €",,"7,93 €/kg",,La Despensa,"Conservas, Sopas y Precocinados",Masa Fresca y Bases,https://static.carrefour.es/hd_510x_/img_pim_food/423240_00_1.jpg
https://www.carrefour.es/supermercado/lonchas-vegetarianas-a-las-hierbas-mediterraneas-campofrio-vegalia-sin-gluten-100-g/R-VC4AECOMM-695565/p,Lonchas vegetarianas a las hierbas mediterráneas Campofrío Vegalia sin gluten 100 g.,"2,05 €",,"20,50 €/kg",,Productos Frescos,Charcutería,Mortadela y Chopped,https://static.carrefour.es/hd_510x_/img_pim_food/695565_00_1.jpg
https://www.carrefour.es/supermercado/pizza-caprese-fina-y-crujiente-forno-di-pietra-buitoni-350-g/R-527031592/p,Pizza caprese fina y crujiente Forno di Pietra Buitoni 350 g.,"3,65 €",,"10,43 €/kg",,Congelados,Pizzas Congeladas,,https://static.carrefour.es/hd_510x_/img_pim_food/795419_00_1.jpg
https://www.carrefour.es/supermercado/cerveza-amstel-100-malta-pack-28-latas-33-cl/R-551303025/p,Cerveza Amstel 100% Malta pack 28 latas 33 cl.,"19,32 €",,"2,09 €/l",,Bebidas,Cerveza,Todas las Cervezas,https://static.carrefour.es/hd_510x_/img_pim_food/185128_00_1.jpg
https://www.carrefour.es/supermercado/gel-de-ducha-flor-de-cereza-nb-palmolive-600-ml/R-VC4AECOMM-293028/p,Gel de ducha flor de cereza NB Palmolive 600 ml.,"3,39 €",,"0,57 €/100ml",,Perfumería e Higiene,Baño e Higiene Corporal,Geles de Baño,https://static.carrefour.es/hd_510x_/img_pim_food/293028_00_1.jpg
https://www.carrefour.es/supermercado/aperitivo-de-patata-spicy-bbq-flame-pringles-160-g/R-VC4AECOMM-654063/p,Aperitivo de patata Spicy BBQ Flame Pringles 160 g.,"2,25 €",,"14,06 €/kg",,La Despensa,Aperitivos,Patatas Fritas,https://static.carrefour.es/hd_510x_/img_pim_food/654063_00_1.jpg
https://www.carrefour.es/supermercado/desodorante-en-spray-dark-temptation-axe-pack-de-3-unidades-de-150-ml/R-VC4AECOMM-129291/p,Desodorante en spray Dark Temptation Axe pack de 3 unidades de 150 ml.,"10,79 €",,"2,40 €/100ml",,Perfumería e Higiene,Baño e Higiene Corporal,Desodorantes,https://static.carrefour.es/hd_510x_/img_pim_food/129291_00_1.jpg
https://www.carrefour.es/supermercado/mini-napolitana-de-chocolate-carrefour-10-ud/R-669401923/p,Mini napolitana de chocolate Carrefour 10 ud,"3,75 €",,"0,37 €/ud",,Productos Frescos,Panadería Tradicional,Bollería Tradicional,https://static.carrefour.es/hd_510x_/img_pim_food/330589_00_1.jpg
https://www.carrefour.es/supermercado/anchoa-en-aceite-de-oliva-virgen-extra-ecologica-consorcio-50-g/R-VC4AECOMM-523411/p,Anchoa en aceite de oliva virgen extra ecológica Consorcio 50 g.,"8,55 €",,"171,00 €/kg",,La Despensa,"Conservas, Sopas y Precocinados",Conservas de Pescado y Marisco,https://static.carrefour.es/hd_510x_/img_pim_food/523411_00_1.jpg
https://www.carrefour.es/supermercado/crema-facial-de-noche-con-q10-natural-creatina-q10-power-antiarrugas-firmeza-nivea-50-ml/R-520663953/p,Crema facial de noche con Q10 natural & creatina Q10 Power Antiarrugas + Firmeza Nivea 50 ml.,"10,85 €",,"21,70 €/100ml",,Perfumería e Higiene,Cosmética,Rostro,https://static.carrefour.es/hd_510x_/img_pim_food/190757_00_1.jpg
https://www.carrefour.es/supermercado/flan-de-huevo-sin-azucar-anadido-carrefour-sin-gluten-pack-de-4-unidades-de-100-g/R-fprod1420215/p,Flan de huevo sin azúcar añadido Carrefour sin gluten pack de 4 unidades de 100 g.,"1,60 €",,"4,00 €/kg",,La Despensa,Yogures y Postres,Flanes,https://static.carrefour.es/hd_510x_/img_pim_food/368627_00_1.jpg
https://www.carrefour.es/supermercado/galletas-rellenas-de-vainilla-carrefour-classic-300-g/R-VC4AECOMM-380136/p,Galletas rellenas de vainilla Carrefour Classic 300 g.,"1,99 €",,"6,63 €/kg",,La Despensa,Desayuno,Galletas,https://static.carrefour.es/hd_510x_/img_pim_food/380136_00_1.jpg
https://www.carrefour.es/supermercado/pate-vegetal-de-berenjena-ecologico-alvime-sin-gluten-y-sin-lactosa-170-g/R-VC4AECOMM-615823/p,Paté vegetal de berenjena ecológico Alvime sin gluten y sin lactosa 170 g.,"2,19 €",,"12,51 €/kg",,Productos Frescos,Charcutería,"Foie, Patés y Sobrasadas",https://static.carrefour.es/hd_510x_/img_pim_food/615823_00_1.jpg
https://www.carrefour.es/supermercado/cepillo-facial-electrico-limpiador-y-masaje-idc-institute-1-ud/R-VC4AECOMM-279866/p,Cepillo facial eléctrico limpiador y masaje IDC Institute 1 ud.,"6,69 €",,"6,69 €/ud",,Perfumería e Higiene,Cuidado y Protección Corporal,Piel,https://static.carrefour.es/hd_510x_/img_pim_food/279866_00_1.jpg
https://www.carrefour.es/supermercado/galletas-rellenas-de-crema-de-chocolate-choco-pause-milka-260-g/R-782549024/p,Galletas rellenas de crema de chocolate Choco Pause Milka 260 g.,"3,25 €",,"12,50 €/kg",,La Despensa,Desayuno,Galletas,https://static.carrefour.es/hd_510x_/img_pim_food/767687_00_1.jpg
https://www.carrefour.es/supermercado/vino-do-rioja-tinto-reserva-baron-de-ley-75-cl/R-530827158/p,Baron De Ley Tinto Reserva 2020,"10,49 €",,"10,49 €/ud",,Bebidas,Vinos,Tinto,https://static.carrefour.es/hd_510x_/img_pim_food/566241_00_1.jpg
https://www.carrefour.es/supermercado/manzana-royal-gala-carrefour-seleccion/R-VC4AECOMM-216036/p,Manzana royal gala Carrefour Selección,"4,07 €",,"4,07 €/kg",,Productos Frescos,Frutas,Manzanas y Peras,https://static.carrefour.es/hd_510x_/img_pim_food/216036_00_1.jpg
https://www.carrefour.es/supermercado/fusilli-tricolor-con-tomate-y-espinaca-ecologico-dalla-costa-400-g/R-fprod1480053/p,Fusilli tricolor con tomate y espinaca ecológico Dalla Costa 400 g.,"4,35 €",,"10,87 €/kg",,La Despensa,Alimentación,Pastas,https://static.carrefour.es/hd_510x_/img_pim_food/410262_00_1.jpg
https://www.carrefour.es/supermercado/chipirones-rellenos-en-aceite-de-girasol-javimar-72-g/R-526510879/p,Chipirones rellenos en aceite de girasol Javimar 72 g.,"5,25 €",,"72,92 €/kg",,La Despensa,"Conservas, Sopas y Precocinados",Conservas de Pescado y Marisco,https://static.carrefour.es/hd_510x_/img_pim_food/119224_00_1.jpg
https://www.carrefour.es/supermercado/bitter-soda-cinzano-pack-de-3-botellas-de-200-ml/R-VC4AECOMM-003788/p,Bitter soda Cinzano pack de 3 botellas de 200 ml.,"5,95 €",,"9,92 €/l",,Bebidas,Alcoholes,Cóckteles y combinados,https://static.carrefour.es/hd_510x_/img_pim_food/003788_00_1.jpg
https://www.carrefour.es/supermercado/tarrito-de-melocoton-y-platano-desde-4-meses-hero-baby-sin-gluten-190-g/R-VC4AECOMM-130344/p,Tarrito de melocotón y plátano desde 4 meses Hero Baby sin gluten 190 g.,"1,29 €",,"0,68 €/100g",,Bebé,Alimentación infantil,"Postres, Zumos, Petit y Yogures Infantiles",https://static.carrefour.es/hd_510x_/img_pim_food/130344_00_1.jpg
https://www.carrefour.es/supermercado/macarrones-coccion-rapida-carrefour-500-g/R-prod380275/p,Macarrones cocción rápida Carrefour 500 g.,"0,79 €",,"1,58 €/kg",,La Despensa,Alimentación,Pastas,https://static.carrefour.es/hd_510x_/img_pim_food/446550_00_1.jpg
https://www.carrefour.es/supermercado/chocolate-negro-85-con-stevia-sin-azucar-anadido-valor-sin-gluten-100-g/R-prod90073/p,Chocolate negro 85% con stevia sin azúcar añadido Valor sin gluten 100 g.,"2,69 €",,"26,90 €/kg",,La Despensa,Dulce,Bombones y Chocolates,https://static.carrefour.es/hd_510x_/img_pim_food/218896_00_1.jpg
https://www.carrefour.es/supermercado/pizza-y-salsa-hawaiana-campofrio-360-g/R-VC4AECOMM-351325/p,Pizza y salsa hawaiana Campofrío 360 g.,"2,95 €",,"8,19 €/kg",,La Despensa,"Conservas, Sopas y Precocinados",Masa Fresca y Bases,https://static.carrefour.es/hd_510x_/img_pim_food/351325_00_1.jpg
https://www.carrefour.es/supermercado/menestra-de-verduras-carrefour-300-g/R-521006771/p,Menestra de verduras Carrefour 300 g.,"2,09 €",,"6,97 €/kg",,La Despensa,"Conservas, Sopas y Precocinados",Platos Preparados,https://static.carrefour.es/hd_510x_/img_pim_food/675124_00_1.jpg
https://www.carrefour.es/supermercado/pan-de-espelta-integral-ecologico-paneco-400-g/R-698102577/p,Pan de espelta integral ecológico Paneco 400 g.,"3,55 €",,"8,87 €/kg",,La Despensa,"Panaderia, Bollería y Pastelería",Pan de Molde,https://static.carrefour.es/hd_510x_/img_pim_food/099654_00_1.jpg
https://www.carrefour.es/supermercado/salsa-picante-chamoy-el-chilerito-bote-355-ml/R-VC4AECOMM-116184/p,Salsa picante chamoy El Chilerito bote 355 ml.,"4,45 €",,"12,54 €/l",,La Despensa,Alimentación,Salsas y Tomate Frito,https://static.carrefour.es/hd_510x_/img_pim_food/116184_00_1.jpg
https://www.carrefour.es/supermercado/filetes-de-anchoa-del-cantabrico-en-aceite-de-oliva-de-nuestra-tierra-55-g/R-521029294/p,Filetes de anchoa del Cantábrico en aceite de oliva De Nuestra Tierra 55 g.,"6,29 €",,"114,36 €/kg",,La Despensa,"Conservas, Sopas y Precocinados",Conservas de Pescado y Marisco,https://static.carrefour.es/hd_510x_/img_pim_food/290754_00_1.jpg
https://www.carrefour.es/supermercado/chuleton-de-vacuno-carrefour-el-mercado-600-g-aprox/R-VC4AECOMM-133775/p,Chuletón de Vacuno Carrefour El Mercado 600 g aprox,"9,39 €",,"18,79 €/kg",,Productos Frescos,Carnicería,Vacuno,https://static.carrefour.es/hd_510x_/img_pim_food/133775_00_1.jpg
https://www.carrefour.es/supermercado/enrelax-en-capsulas-aquilea-48-ud/R-590505758/p,Enrelax en cápsulas Aquilea 48 ud.,"7,55 €",,"5,03 €/100g",,Parafarmacia,Nutrición y Dietética,Tratamientos Naturales,https://static.carrefour.es/hd_510x_/img_pim_food/299981_00_1.jpg
https://www.carrefour.es/supermercado/desodorante-stick-captain-old-spice-50-ml/R-fprod1190544/p,Desodorante stick Captain Old Spice 50 ml.,"3,85 €",,"7,70 €/100ml",,Perfumería e Higiene,Baño e Higiene Corporal,Desodorantes,https://static.carrefour.es/hd_510x_/img_pim_food/243961_00_1.jpg
https://www.carrefour.es/supermercado/cereales-solubles-con-magnesio-nestle-eko-sin-azucar-anadido-150-g/R-prod72344/p,Cereales solubles con magnesio Nestlé Eko sin azúcar añadido 150 g.,"4,29 €",,"28,60 €/kg",,,,,https://static.carrefour.es/hd_510x_/img_pim_food/985383_00_1.jpg
https://www.carrefour.es/supermercado/spaguetti-integral-ecologico-carrefour-bio-500-g/R-VC4AECOMM-474669/p,Spaguetti integral ecológico Carrefour Bio 500 g.,"1,58 €",,"3,16 €/kg",,La Despensa,Alimentación,Pastas,https://static.carrefour.es/hd_510x_/img_pim_food/474669_00_1.jpg
https://www.carrefour.es/supermercado/natillas-de-chocolate-carrefour-pack-de-4-unidades-de-125-g/R-837832786/p,Natillas de chocolate Carrefour pack de 4 unidades de 125 g.,"1,05 €",,"2,10 €/kg",,La Despensa,Yogures y Postres,"Natillas, Cremas y Copas",https://static.carrefour.es/hd_510x_/img_pim_food/971661_00_1.jpg
https://www.carrefour.es/supermercado/ginebra-gordons-1-l/R-521009386/p,Ginebra Gordon's 1 l.,"17,79 €",,"17,79 €/l",,Bebidas,Alcoholes,Ginebra,https://static.carrefour.es/hd_510x_/img_pim_food/043483_00_1.jpg
https://www.carrefour.es/supermercado/ensalada-californiana-de-atun-carrefour-157-g/R-521006284/p,Ensalada californiana de atún Carrefour 157 g.,"1,40 €",,"9,33 €/kg",,La Despensa,"Conservas, Sopas y Precocinados",Conservas de Pescado y Marisco,https://static.carrefour.es/hd_510x_/img_pim_food/231494_00_1.jpg
https://www.carrefour.es/supermercado/colutorio-bucal-mantenimiento-periodontal-perio-aid-500-ml/R-590508792/p,Colutorio bucal mantenimiento periodontal Perio-Aid 500 ml.,"11,15 €",,"2,23 €/100ml",,Parafarmacia,Higiene Bucal,Colutorio,https://static.carrefour.es/hd_510x_/img_pim_food/554561_00_1.jpg
https://www.carrefour.es/supermercado/galletas-recubiertas-de-chocolate-y-leche-mini-biscuits-carrefour-kids-160-g/R-722005476/p,Galletas recubiertas de chocolate y leche Mini Biscuits Carrefour Kids 160 g.,"1,83 €",,"11,44 €/kg",,La Despensa,Desayuno,Galletas,https://static.carrefour.es/hd_510x_/img_pim_food/651907_00_1.jpg
https://www.carrefour.es/supermercado/aceitunas-verdes-rellenas-de-anchoa-bajas-en-sal-carrefour-150-g/R-VC4AECOMM-441940/p,Aceitunas verdes rellenas de anchoa bajas en sal Carrefour 150 g.,"1,50 €",,"10,00 €/kg",,La Despensa,Aperitivos,Aceitunas y Encurtidos,https://static.carrefour.es/hd_510x_/img_pim_food/441940_00_1.jpg
https://www.carrefour.es/supermercado/lechuga-iceberg-carrefour-1-ud/R-fprod1190510/p,Lechuga iceberg Carrefour 1 ud,"0,92 €","0,89 €","1,67 €/kg","1,62 €/kg",Productos Frescos,Verduras y hortalizas,Ensaladas y Verduras Preparadas,https://static.carrefour.es/hd_510x_/img_pim_food/235341_00_1.jpg
https://www.carrefour.es/supermercado/confitura-de-fresa-bonne-maman-370-g/R-590201595/p,Confitura de fresa Bonne Maman 370 g.,"3,35 €",,"9,05 €/kg",,La Despensa,Dulce,"Mermeladas, Membrillos y Compotas",https://static.carrefour.es/hd_510x_/img_pim_food/027636_00_1.jpg
https://www.carrefour.es/supermercado/mayonesa-con-aceite-de-oliva-ybarra-sin-gluten-y-sin-lactosa-225-ml/R-521005164/p,Mayonesa con aceite de oliva Ybarra sin gluten y sin lactosa 225 ml.,"3,45 €",,"15,33 €/l",,La Despensa,Alimentación,Salsas y Tomate Frito,https://static.carrefour.es/hd_510x_/img_pim_food/153237_00_1.jpg
https://www.carrefour.es/supermercado/yogur-liquido-semidesnatado-de-fresa-carrefour-pack-de-4-unidades-de-200-ml/R-800037738/p,Yogur líquido semidesnatado de fresa Carrefour pack de 4 unidades de 200 ml.,"2,15 €",,"2,69 €/kg",,La Despensa,Yogures y Postres,Yogures Líquidos,https://static.carrefour.es/hd_510x_/img_pim_food/904809_00_1.jpg
https://www.carrefour.es/supermercado/bebida-de-soja-y-guisantes-dinamic-protein-pascual-1-l/R-VC4AECOMM-369376/p,Bebida de soja y guisantes Dinamic Protein Pascual 1 l.,"2,65 €",,"2,65 €/l",,La Despensa,Lácteos,Bebida Vegetal,https://static.carrefour.es/hd_510x_/img_pim_food/369376_00_1.jpg
https://www.carrefour.es/supermercado/champu-72h-de-hidratacion-hidra-hialuronico-elvive-loreal-paris-690-ml/R-VC4AECOMM-489118/p,Champú 72h de hidratación hidra hialurónico Elvive L'Oreal Paris 690 ml.,"7,80 €",,"1,11 €/100ml",,Perfumería e Higiene,Cabello,Champús,https://static.carrefour.es/hd_510x_/img_pim_food/489118_00_1.jpg
https://www.carrefour.es/supermercado/vino-blanco-sauvignon-blanc-marques-de-caceres-do-rueda-75-cl/R-prod212009/p,Marqués De Cáceres Sauvignon Blanc Blanco 2023,"7,39 €",,"7,39 €/ud",,,,,https://static.carrefour.es/hd_510x_/img_pim_food/267898_00_1.jpg
https://www.carrefour.es/supermercado/salsa-de-trufa-extra-carrefour-95-g/R-VC4AECOMM-477709/p,Salsa de trufa Extra Carrefour 95 g.,"3,69 €",,"38,84 €/kg",,La Despensa,Alimentación,Salsas y Tomate Frito,https://static.carrefour.es/hd_510x_/img_pim_food/477709_00_1.jpg
https://www.carrefour.es/supermercado/tinte-de-cabello-permanente-tono-734-rubio-dorado-cobrizo-llongueras-color-advance-1-ud/R-521016336/p,Tinte de cabello permanente tono 7.34 rubio dorado cobrizo Llongueras Color Advance 1 ud.,"7,59 €",,"7,59 €/ud",,Perfumería e Higiene,Cabello,Tinte,https://static.carrefour.es/hd_510x_/img_pim_food/555802_00_1.jpg
https://www.carrefour.es/supermercado/anilla-de-pota-argentina-congelada-450-g/R-526010757/p,Anilla de pota argentina congelada 450 g,"6,45 €",,"14,33 €/kg",,Congelados,"Pulpo, Calamar y Sepia Congelados",,https://static.carrefour.es/hd_510x_/img_pim_food/791188_00_1.jpg
https://www.carrefour.es/supermercado/aceitunas-verdes-manzanilla-sin-hueso-con-limon-y-albahaca-serpis-sin-lactosa-doy-pack-70-g/R-fprod1270068/p,Aceitunas verdes manzanilla sin hueso con limón y albahaca Serpis sin lactosa doy pack 70 g.,"1,94 €",,"27,71 €/kg",,La Despensa,Aperitivos,Aceitunas y Encurtidos,https://static.carrefour.es/hd_510x_/img_pim_food/325013_00_1.jpg
https://www.carrefour.es/supermercado/ambientador-de-lavavajillas-aroma-lima-y-limon-finish-2-ud/R-754402296/p,Ambientador de lavavajillas aroma lima y limón Finish 2 ud.,"8,99 €",,"4,49 €/ud",,Limpieza y Hogar,Productos para Cocina,Aditivos y limpiamáquinas,https://static.carrefour.es/hd_510x_/img_pim_food/762943_00_1.jpg
https://www.carrefour.es/supermercado/nueces-sin-cascara-carrefour-200-g/R-521003605/p,Nueces sin cáscara Carrefour 200 g.,"2,19 €",,"10,95 €/kg",,La Despensa,Aperitivos,Frutos Secos,https://static.carrefour.es/hd_510x_/img_pim_food/603846_00_1.jpg
https://www.carrefour.es/supermercado/vinagre-de-malta-sarsons-284-ml/R-VC4AECOMM-777978/p,Vinagre de malta Sarson's 284 ml,"2,95 €",,"10,39 €/l",,La Despensa,Alimentación,Aceites y vinagres,https://static.carrefour.es/hd_510x_/img_pim_food/777978_00_1.jpg
https://www.carrefour.es/supermercado/crema-depilatoria-piel-sensible-cuerpo-y-piernas-pure-veet-150-ml/R-520664435/p,Crema depilatoria piel sensible cuerpo y piernas Pure Veet 150 ml.,"6,79 €",,"4,53 €/100ml",,Perfumería e Higiene,Depilación y Afeitado,Depilación,https://static.carrefour.es/hd_510x_/img_pim_food/797381_00_1.jpg
https://www.carrefour.es/supermercado/polvos-de-talco-suave-bebe-piel-sensible-natural-hipoalergenico-johnsons-baby-200-g/R-VC4AECOMM-307175/p,Polvos de talco suave bebé piel sensible natural hipoalergénico Johnson's Baby 200 g.,"3,25 €",,"1,62 €/100g",,Bebé,Perfumería e Higiene,"Crema Corporal, Talcos y Anti-irritación",https://static.carrefour.es/hd_510x_/img_pim_food/307175_00_1.jpg
https://www.carrefour.es/supermercado/toallitas-para-muebles-carrefour-24-ud/R-696105240/p,Toallitas para muebles Carrefour 24 ud.,"1,08 €",,"0,05 €/ud",,Limpieza y Hogar,Productos para toda la casa,Limpia Muebles,https://static.carrefour.es/hd_510x_/img_pim_food/095240_00_1.jpg
https://www.carrefour.es/supermercado/cerveza-ambar-indian-pale-ale-botella-33-cl/R-prod740068/p,Cerveza Ambar Indian Pale Ale botella 33 cl.,"2,05 €",,"6,21 €/l",,Bebidas,Cerveza,Todas las Cervezas,https://static.carrefour.es/hd_510x_/img_pim_food/857935_00_1.jpg
https://www.carrefour.es/supermercado/pan-molde-alto-contenido-en-proteinas-450-g/R-VC4AECOMM-504100/p,Pan molde alto contenido en proteinas 450 g,"3,65 €",,"8,11 €/kg",,Productos Frescos,Panadería Tradicional,Pan Tradicional,https://static.carrefour.es/hd_510x_/img_pim_food/504100_00_1.jpg
https://www.carrefour.es/supermercado/muesli-6-frutas-ecologico-carrefour-bio-375-g/R-VC4AECOMM-718816/p,Muesli 6 frutas ecológico Carrefour Bio 375 g.,"3,45 €",,"9,20 €/kg",,La Despensa,Desayuno,Cereales,https://static.carrefour.es/hd_510x_/img_pim_food/718816_00_1.jpg
https://www.carrefour.es/supermercado/presa-de-vacuno-angus-carrefour-selection-500-g-aprox/R-VC4AECOMM-007495/p,Presa de Vacuno Angus Carrefour Selection 500 g aprox,"11,90 €",,"23,80 €/kg",,Productos Frescos,Carnicería,Vacuno,https://static.carrefour.es/hd_510x_/img_pim_food/007495_00_1.jpg
https://www.carrefour.es/supermercado/vino-rosado-carrefour-classic-brik-1-l/R-520661424/p,Vino rosado Carrefour Classic brik 1 l.,"1,13 €",,"1,13 €/l",,Bebidas,Vinos,Rosado,https://static.carrefour.es/hd_510x_/img_pim_food/513381_00_1.jpg
https://www.carrefour.es/supermercado/kas-de-manzana-botella-de-2-l/R-589701700/p,Kas de manzana botella de 2 l.,"2,05 €",,"1,02 €/l",,Bebidas,Refrescos,Sabores con Gas,https://static.carrefour.es/hd_510x_/img_pim_food/030252_00_1.jpg
https://www.carrefour.es/supermercado/set-3-estropajos-salvaunas-antibacterias-vileda-plus/R-790068930/p,Set 3 Estropajos Salvauñas Antibacterias VILEDA Plus,"2,95 €",,"1,47 €/ud",,Limpieza y Hogar,Utensilios de Limpieza,Estropajos,https://static.carrefour.es/hd_510x_/img_pim_food/022037_00_1.jpg
https://www.carrefour.es/supermercado/langostino-extra-grandes-crudos-carrefour-800-g/R-745728664/p,Langostino extra grandes crudos Carrefour 800 g.,"9,25 €",,"11,56 €/kg",,Congelados,Mariscos Congelados,,https://static.carrefour.es/hd_510x_/img_pim_food/734637_00_1.jpg
https://www.carrefour.es/supermercado/neceser-ponette-1-ud/R-839100349/p,Neceser Ponette 1 ud.,"8,05 €",,"8,05 €/ud",,Perfumería e Higiene,Cuidado y Protección Corporal,Productos para Viaje,https://static.carrefour.es/hd_510x_/img_pim_food/975738_00_1.jpg
https://www.carrefour.es/supermercado/berza-manojo-500-g/R-prod71345/p,Berza manojo 500 g,"1,99 €",,"3,98 €/kg",,Productos Frescos,Verduras y hortalizas,Hortalizas,https://static.carrefour.es/hd_510x_/img_pim_food/099551_00_1.jpg
https://www.carrefour.es/supermercado/ajetes-trigueros-gambas-carrefour-450-g/R-521031697/p,"Ajetes, Trigueros, Gambas Carrefour 450 g.","2,79 €",,"6,20 €/kg",,Congelados,Salteados Congelados,,https://static.carrefour.es/hd_510x_/img_pim_food/796218_00_1.jpg
https://www.carrefour.es/supermercado/leche-desnatada-carrefour-sin-lactosa-brik-1-l/R-714713109/p,Leche desnatada Carrefour sin lactosa brik 1 l.,"0,88 €",,"0,88 €/l
- 5,28 €/6 uds.",,La Despensa,Lácteos,Leche,https://static.carrefour.es/hd_510x_/img_pim_food/470487_00_1.jpg
https://www.carrefour.es/supermercado/mousse-de-chocolate-blanco-nestle-milkybar-pack-de-4-unidades-de-55-g/R-prod970930/p,Mousse de chocolate blanco Nestlé Milkybar pack de 4 unidades de 55 g.,"2,75 €",,"12,50 €/kg",,La Despensa,Yogures y Postres,Mousse,https://static.carrefour.es/hd_510x_/img_pim_food/061933_00_1.jpg
https://www.carrefour.es/supermercado/acondicionador-nutritivo-con-aroma-a-menta-herbal-essences-250-ml/R-VC4AECOMM-495743/p,Acondicionador nutritivo con aroma a menta Herbal Essences 250 ml.,"5,75 €",,"2,30 €/100ml",,Perfumería e Higiene,Cabello,Champús,https://static.carrefour.es/hd_510x_/img_pim_food/495743_00_1.jpg
https://www.carrefour.es/supermercado/filetes-de-merluza-sin-piel-ultracongelados-pescanova-800-g/R-521033649/p,Filetes de merluza sin piel ultracongelados Pescanova 800 g.,"11,55 €",,"14,44 €/kg",,Congelados,Pescados Congelados,,https://static.carrefour.es/hd_510x_/img_pim_food/003303_00_1.jpg
https://www.carrefour.es/supermercado/lavavajillas-concentrado-a-mano-aroma-aloe-vera-y-pepino-limpieza-y-cuidado-fairy-1015-ml/R-prod371746/p,Lavavajillas concentrado a mano aroma aloe vera y pepino Limpieza y Cuidado Fairy 1015 ml.,"5,19 €",,"5,11 €/l",,Limpieza y Hogar,Productos para Cocina,Lavavajillas a Mano,https://static.carrefour.es/hd_510x_/img_pim_food/437238_00_1.jpg
https://www.carrefour.es/supermercado/quitagrasas-cocina-expert-carrefour-750-ml/R-544101802/p,Quitagrasas cocina Expert Carrefour 750 ml.,"1,35 €",,"1,80 €/l",,Limpieza y Hogar,Productos para Cocina,Quitagrasas,https://static.carrefour.es/hd_510x_/img_pim_food/229654_00_1.jpg
https://www.carrefour.es/supermercado/barrita-de-barquillo-cubierta-de-chocolate-huesitos-valor-12-ud/R-521029136/p,Barrita de barquillo cubierta de chocolate Huesitos Valor 12 ud.,"2,79 €",,"11,62 €/kg",,La Despensa,Dulce,Bombones y Chocolates,https://static.carrefour.es/hd_510x_/img_pim_food/560308_00_1.jpg
https://www.carrefour.es/supermercado/cepillo-ovalado-lavavajillas-carrefour-gris/R-prod920293/p,Cepillo Ovalado Lavavajillas CARREFOUR - Gris,"3,55 €",,"3,55 €/ud",,Limpieza y Hogar,Utensilios de Limpieza,Otros útiles,https://static.carrefour.es/hd_510x_/img_pim_food/040677_00_1.jpg
https://www.carrefour.es/supermercado/caldo-casero-de-cocido-gallina-blanca-sin-gluten-pack-de-2-briks-de-1-l/R-829518691/p,Caldo casero de cocido Gallina Blanca sin gluten pack de 2 briks de 1 l.,"4,19 €",,"2,09 €/l",,La Despensa,"Conservas, Sopas y Precocinados","Caldos, Sopas y Pure",https://static.carrefour.es/hd_510x_/img_pim_food/960340_00_1.jpg
https://www.carrefour.es/supermercado/cerveza-cruzcampo-pilsen-botella-1-l/R-fprod1190453/p,Cerveza Cruzcampo Pilsen botella 1 l.,"1,82 €",,"1,82 €/l",,Bebidas,Cerveza,Todas las Cervezas,https://static.carrefour.es/hd_510x_/img_pim_food/242601_00_1.jpg
https://www.carrefour.es/supermercado/tartines-crujientes-de-centeno-y-sesamo-ecologicos-carrefour-bio-200-g/R-VC4AECOMM-424630/p,Tartines crujientes de centeno y sésamo ecológicos Carrefour Bio 200 g.,"2,25 €",,"11,25 €/kg",,La Despensa,"Panaderia, Bollería y Pastelería","Pan tostado, Biscottes y Barritas",https://static.carrefour.es/hd_510x_/img_pim_food/424630_00_1.jpg
https://www.carrefour.es/supermercado/bolsita-de-frutas-variadas-nestle-happy-fruits-sin-azucar-anadido-110-g/R-VC4AECOMM-625996/p,Bolsita de frutas variadas Nestlé Happy Fruits sin azúcar añadido 110 g.,"1,14 €",,"10,36 €/kg",,Bebé,Alimentación infantil,"Postres, Zumos, Petit y Yogures Infantiles",https://static.carrefour.es/hd_510x_/img_pim_food/625996_00_1.jpg
https://www.carrefour.es/supermercado/pan-de-molde-centeno-original-carrefour-si-lactosa-675-g/R-VC4AECOMM-744293/p,Pan de molde centeno Original Carrefour si lactosa 675 g.,"2,45 €",,"3,63 €/kg",,La Despensa,"Panaderia, Bollería y Pastelería",Pan de Molde,https://static.carrefour.es/hd_510x_/img_pim_food/744293_00_1.jpg
https://www.carrefour.es/supermercado/infusion-sueno-con-melisa-en-bolsitas-ecologica-pompadour-18-ud/R-prod1010167/p,Infusión sueño con melisa en bolsitas ecológica Pompadour 18 ud.,"4,79 €",,"177,41 €/kg",,La Despensa,Desayuno,Infusiones y Tés,https://static.carrefour.es/hd_510x_/img_pim_food/089770_00_1.jpg
https://www.carrefour.es/supermercado/aceite-de-oliva-virgen-extra-picual-carrefour-1-l/R-520660299/p,Aceite de oliva virgen extra picual Carrefour 1 l.,"10,15 €",,"10,15 €/l",,La Despensa,Alimentación,Aceites y vinagres,https://static.carrefour.es/hd_510x_/img_pim_food/798316_00_1.jpg
https://www.carrefour.es/supermercado/queso-de-untar-con-salmon-philadelphia-150-g/R-708412804/p,Queso de untar con salmón Philadelphia 150 g.,"2,64 €",,"17,60 €/kg",,Productos Frescos,Quesos,Crema de queso,https://static.carrefour.es/hd_510x_/img_pim_food/003497_00_1.jpg
https://www.carrefour.es/supermercado/galletas-maria-marbu-dorada-artiach-800-g/R-VC4AECOMM-032973/p,Galletas maría Marbú Dorada Artiach 800 g.,"4,19 €",,"5,24 €/kg",,,,,https://static.carrefour.es/hd_510x_/img_pim_food/032973_00_1.jpg
https://www.carrefour.es/supermercado/desodorante-roll-on-eficacia-24h-con-aloe-vera-ecologico-carrefour-soft-bio-50-ml/R-VC4AECOMM-668828/p,Desodorante roll-on eficacia 24h con aloe vera ecológico Carrefour Soft Bio 50 ml.,"1,99 €",,"3,98 €/100ml",,Perfumería e Higiene,Baño e Higiene Corporal,Desodorantes,https://static.carrefour.es/hd_510x_/img_pim_food/668828_00_1.jpg
https://www.carrefour.es/supermercado/colgador-wc-lago-alpino-gel-brillante-todo-en-1-bref-2-ud/R-VC4AECOMM-273699/p,Colgador WC lago alpino Gel Brillante Todo en 1 Bref 2 ud.,"4,75 €",,"56,55 €/kg",,Limpieza y Hogar,Productos para Baño,WC,https://static.carrefour.es/hd_510x_/img_pim_food/273699_00_1.jpg
https://www.carrefour.es/supermercado/chocolate-negro-con-almendras-enteras-lindt-300-g/R-prod410751/p,Chocolate negro con almendras enteras Lindt 300 g.,"8,15 €",,"27,17 €/kg",,La Despensa,Dulce,Bombones y Chocolates,https://static.carrefour.es/hd_510x_/img_pim_food/616239_00_1.jpg
https://www.carrefour.es/supermercado/leche-fermentada-liquida-tropical-sin-azucar-anadido-carrefour-actuacol-sin-gluten-pack-de-8-unidades-de-100-g/R-VC4AECOMM-688992/p,Leche fermentada líquida tropical sin azúcar añadido Carrefour Actuacol sin gluten pack de 8 unidades de 100 g.,"2,60 €",,"3,25 €/kg",,La Despensa,Yogures y Postres,"Colesterol, Óseo y Tensión",https://static.carrefour.es/hd_510x_/img_pim_food/688992_00_1.jpg
https://www.carrefour.es/supermercado/hielo-cocktail-carrefour-2-kg/R-VC4AECOMM-651369/p,Hielo cocktail Carrefour 2 kg.,"1,20 €",,"0,60 €/kg",,Congelados,Helados,Hielo,https://static.carrefour.es/hd_510x_/img_pim_food/651369_00_1.jpg
https://www.carrefour.es/supermercado/crema-irlandesa-baileys-70-cl/R-520663106/p,Baileys Original Cremas,"14,75 €",,"21,07 €/l",,Bebidas,Licores y Cremas,Cremas,https://static.carrefour.es/hd_510x_/img_pim_food/000371_00_1.jpg
https://www.carrefour.es/supermercado/mostaza-sin-azucar-anadido-ecologica-ecocesta-tarro-200-g/R-590205743/p,Mostaza sin azúcar añadido ecológica Ecocesta tarro 200 g.,"3,15 €",,"15,75 €/kg",,La Despensa,Alimentación,Salsas y Tomate Frito,https://static.carrefour.es/hd_510x_/img_pim_food/183830_00_1.jpg
https://www.carrefour.es/supermercado/refresco-de-naranja-carrefour-sin-gas-botella-15-l/R-520660606/p,"Refresco de naranja Carrefour sin gas botella 1,5 l.","0,99 €",,"0,66 €/l",,Bebidas,Refrescos,Sabores sin Gas,https://static.carrefour.es/hd_510x_/img_pim_food/454368_00_1.jpg
https://www.carrefour.es/supermercado/sobrasada-picante-de-mallorca-el-zagal-sin-gluten-y-sin-lactosa-200-g/R-VC4AECOMM-709639/p,Sobrasada picante de Mallorca El Zagal sin gluten y sin lactosa 200 g,"2,79 €",,"13,95 €/kg",,Productos Frescos,Charcutería,"Foie, Patés y Sobrasadas",https://static.carrefour.es/hd_510x_/img_pim_food/709639_00_1.jpg
https://www.carrefour.es/supermercado/desodorante-roll-on-eficacia-24h-piel-sensible-0-alcohol-carrefour-soft-pure-50-ml/R-VC4AECOMM-701785/p,Desodorante roll-on eficacia 24h piel sensible 0% alcohol Carrefour Soft Pure 50 ml.,"0,99 €",,"1,98 €/100ml",,Perfumería e Higiene,Baño e Higiene Corporal,Desodorantes,https://static.carrefour.es/hd_510x_/img_pim_food/701785_00_1.jpg
https://www.carrefour.es/supermercado/pimiento-rojo-carrefour-simply-2-kg/R-VC4AECOMM-138190/p,Pimiento rojo Carrefour Simply 2 kg,"4,57 €",,"2,28 €/kg",,Productos Frescos,Verduras y hortalizas,Hortalizas,https://static.carrefour.es/hd_510x_/img_pim_food/138190_00_1.jpg
https://www.carrefour.es/supermercado/comida-humeda-de-pollo-para-perros-adultos-carrefour-300-g/R-521007884/p,Comida húmeda de pollo para perros adultos Carrefour 300 g.,"0,95 €",,"3,17 €/kg",,Mascotas,Perros,Pienso para perros,https://static.carrefour.es/hd_510x_/img_pim_food/299987_00_1.jpg
https://www.carrefour.es/supermercado/desinfectante-para-la-colada-elimina-olores-sin-lejia-sanytol-500-ml/R-783800460/p,Desinfectante para la colada elimina olores sin lejía Sanytol 500 ml.,"3,25 €",,"6,50 €/l",,Limpieza y Hogar,Cuidado de la Ropa,Aditivos y quitamanchas,https://static.carrefour.es/hd_510x_/img_pim_food/872248_00_1.jpg
https://www.carrefour.es/supermercado/comida-humeda-seleccion-de-pescados-para-gatos-esterilizados-adultos-ultima-4x85-g/R-VC4AECOMM-630208/p,Comida húmeda selección de pescados para gatos esterilizados adultos Ultima 4x85 g,"2,85 €",,"8,38 €/kg",,Mascotas,Gatos,Pienso para gatos,https://static.carrefour.es/hd_510x_/img_pim_food/630208_00_1.jpg
https://www.carrefour.es/supermercado/salsa-cocktail-ybarra-tarro-450-g/R-521005346/p,Salsa cocktail Ybarra tarro 450 g.,"2,75 €",,"6,11 €/kg",,La Despensa,Alimentación,Salsas y Tomate Frito,https://static.carrefour.es/hd_510x_/img_pim_food/032606_00_1.jpg
https://www.carrefour.es/supermercado/helado-de-chocolate-carrefour-extra-sin-gluten-sin-lactosa-480-g/R-VC4AECOMM-414354/p,Helado de chocolate Carrefour Extra sin gluten sin lactosa 480 g.,"4,49 €",,"9,35 €/kg",,Congelados,Helados,Tarrinas,https://static.carrefour.es/hd_510x_/img_pim_food/414354_00_1.jpg
https://www.carrefour.es/supermercado/ajo-morado-ecologico-cachopo-250-g/R-857400670/p,Ajo morado ecológico Cachopo 250 g,"2,44 €",,"9,76 €/kg",,Productos Frescos,Verduras y hortalizas,"Patatas, Cebollas y Ajos",https://static.carrefour.es/hd_510x_/img_pim_food/941463_00_1.jpg
https://www.carrefour.es/supermercado/energy-extra-supradyn-sin-gluten-y-sin-lactosa-30-ud/R-837306030/p,Energy Extra Supradyn sin gluten y sin lactosa 30 ud.,"15,69 €",,"39,22 €/100g",,Parafarmacia,Nutrición y Dietética,Complementos Vitamínicos,https://static.carrefour.es/hd_510x_/img_pim_food/974745_00_1.jpg
https://www.carrefour.es/supermercado/nuggets-de-pollo-carrefour-el-mercado-320-g/R-VC4AECOMM-367046/p,Nuggets de pollo Carrefour El Mercado 320 g,"2,69 €",,"8,41 €/kg",,Productos Frescos,Carnicería,Empanados,https://static.carrefour.es/hd_510x_/img_pim_food/367046_00_1.jpg
https://www.carrefour.es/supermercado/flan-de-huevo-chocolate-sin-azucar-anadido-dhul-pack-de-4-unidades-de-100-g/R-VC4AECOMM-138966/p,Flan de huevo chocolate sin azúcar añadido Dhul pack de 4 unidades de 100 g.,"3,35 €",,"8,37 €/kg",,La Despensa,Yogures y Postres,Flanes,https://static.carrefour.es/hd_510x_/img_pim_food/138966_00_1.jpg
https://www.carrefour.es/supermercado/filetes-de-haddock-youngs-440-g/R-590507666/p,Filetes de haddock Young's 440 g.,"12,85 €",,"29,20 €/kg",,Congelados,Rebozados y Platos Preparados,,https://static.carrefour.es/hd_510x_/img_pim_food/540620_00_1.jpg
https://www.carrefour.es/supermercado/cerveza-victoria-de-malaga-pack-de-12-latas-de-33-cl/R-793945611/p,Cerveza Victoria de Málaga pack de 12 latas de 33 cl.,"8,35 €",,"2,11 €/l",,Bebidas,Cerveza,Todas las Cervezas,https://static.carrefour.es/hd_510x_/img_pim_food/892579_00_1.jpg
https://www.carrefour.es/supermercado/lote-de-ibericos-lomo-chorizo-y-salchichon-circulo-de-calidad-825-g/R-prod590189/p,"Lote de Ibéricos Lomo, Chorizo y Salchichón Círculo de Calidad 825 g","26,50 €",,"32,12 €/kg",,Productos Frescos,Charcutería,Tablas y Surtidos,https://static.carrefour.es/hd_510x_/img_pim_food/838026_00_1.jpg
https://www.carrefour.es/supermercado/pimientos-asados-en-tiras-classic-carrefour-300-g/R-VC4AECOMM-195488/p,Pimientos asados en tiras Classic Carrefour 300 g.,"2,45 €",,"8,17 €/kg",,La Despensa,"Conservas, Sopas y Precocinados",Conservas de Vegetales,https://static.carrefour.es/hd_510x_/img_pim_food/195488_00_1.jpg
https://www.carrefour.es/supermercado/multivitaminico-en-gominolas-vitagomis-ninos-multicentrum-30-ud/R-VC4AECOMM-050789/p,Multivitamínico en gominolas Vitagomis Niños Multicentrum 30 ud.,"9,79 €",,"18,13 €/100g",,Parafarmacia,Nutrición y Dietética,Complementos Vitamínicos,https://static.carrefour.es/hd_510x_/img_pim_food/050789_00_1.jpg
https://www.carrefour.es/supermercado/dentifrico-blanqueadora-max-white-one-colgate-75-ml/R-585701555/p,Dentífrico blanqueadora Max White One Colgate 75 ml.,"2,65 €",,"3,53 €/100ml",,Perfumería e Higiene,Boca y Sonrisa,Dentífricos,https://static.carrefour.es/hd_510x_/img_pim_food/301506_00_1.jpg
https://www.carrefour.es/supermercado/palomitas-sabor-mantequilla-para-microondas-popitas-sin-gluten-pack-de-3-unidades-de-100-g/R-VC4AECOMM-477691/p,Palomitas sabor mantequilla para microondas Popitas sin gluten pack de 3 unidades de 100 g.,"2,79 €",,"9,30 €/kg",,La Despensa,Aperitivos,Palomitas,https://static.carrefour.es/hd_510x_/img_pim_food/477691_00_1.jpg
https://www.carrefour.es/supermercado/vino-tinto-joven-garnacha-dona-isabella-do-navarra-75-cl/R-VC4AECOMM-175311/p,Doña Isabella Tinto 2022,"8,49 €",,"8,49 €/ud",,Bebidas,Vinos,Tinto,https://static.carrefour.es/hd_510x_/img_pim_food/175311_00_1.jpg
https://www.carrefour.es/supermercado/barritas-de-cacao-y-coco-nakd-sin-azucar-anadido-pack-de-4-unidades-de-35-g/R-VC4AECOMM-061032/p,Barritas de cacao y coco Nakd sin azúcar añadido pack de 4 unidades de 35 g.,"3,49 €",,"24,93 €/kg",,La Despensa,Desayuno,Barritas,https://static.carrefour.es/hd_510x_/img_pim_food/061032_00_1.jpg
https://www.carrefour.es/supermercado/zumo-de-10-frutas-y-vitaminas-sin-azucar-anadido-juver-disfruta-brik-2-l/R-522714071/p,Zumo de 10 frutas y vitaminas sin azúcar añadido Juver- Disfruta brik 2 l.,"3,65 €",,"1,82 €/l",,Bebidas,Aguas y Zumos,Zumos no Refrigerados,https://static.carrefour.es/hd_510x_/img_pim_food/273711_00_1.jpg
https://www.carrefour.es/supermercado/longaniza-de-pavo-extra-carrefour-sin-gluten-pack-de-2-unidades-de-625-g/R-VC4AECOMM-709763/p,"Longaniza de Pavo Extra Carrefour sin gluten pack de 2 unidades de 62,5 g","2,59 €",,"20,72 €/kg",,Productos Frescos,Charcutería,"Chorizo, Lomo y Otros",https://static.carrefour.es/hd_510x_/img_pim_food/709763_00_1.jpg
https://www.carrefour.es/supermercado/te-verde-con-jengibre-y-naranja-en-bolsitas-pompadour-20-ud/R-747039367/p,Té verde con jengibre y naranja en bolsitas Pompadour 20 ud.,"2,95 €",,"84,29 €/kg",,La Despensa,Desayuno,Infusiones y Tés,https://static.carrefour.es/hd_510x_/img_pim_food/429993_00_1.jpg
https://www.carrefour.es/supermercado/galletas-de-chocolate-rellenas-de-crema-oreo-220-g/R-700708827/p,Galletas de chocolate rellenas de crema Oreo 220 g.,"2,29 €",,"10,41 €/kg",,La Despensa,Desayuno,Galletas,https://static.carrefour.es/hd_510x_/img_pim_food/390784_00_1.jpg
https://www.carrefour.es/supermercado/colutorio-ortodoncia-lima-fresca-ortolacer-1000-ml/R-VC4AECOMM-651542/p,Colutorio ortodoncia lima fresca Ortolacer 1000 ml.,"18,29 €",,"1,83 €/100ml",,Parafarmacia,Higiene Bucal,Colutorio,https://static.carrefour.es/hd_510x_/img_pim_food/651542_00_1.jpg
https://www.carrefour.es/supermercado/caramelos-de-nata-original-werthers-135-g/R-521004682/p,Caramelos de nata Original Werther's 135 g.,"2,15 €",,"15,93 €/kg",,La Despensa,Dulce,Dulces y Golosinas,https://static.carrefour.es/hd_510x_/img_pim_food/694287_00_1.jpg
https://www.carrefour.es/supermercado/lacon-en-tapas-cortadas-a-cuchillo-mrm-170-g/R-683508017/p,Lacón en tapas cortadas a cuchillo MRM 170 g,"4,09 €",,"24,06 €/kg",,Productos Frescos,Charcutería,Jamón Cocido y Lacón,https://static.carrefour.es/hd_510x_/img_pim_food/070883_00_1.jpg
https://www.carrefour.es/supermercado/leche-desnatada-ecologica-carrefour-bio-brik-1-l/R-851400476/p,Leche desnatada ecológica Carrefour Bio brik 1 l.,"1,18 €",,"1,18 €/l",,La Despensa,Lácteos,Leche,https://static.carrefour.es/hd_510x_/img_pim_food/055885_00_1.jpg
https://www.carrefour.es/supermercado/leche-entera-carrefour-pack-de-6-briks-de-200-ml/R-prod870055/p,Leche entera Carrefour pack de 6 briks de 200 ml.,"1,56 €",,"1,30 €/l",,La Despensa,Lácteos,Leche,https://static.carrefour.es/hd_510x_/img_pim_food/004930_00_1.jpg
https://www.carrefour.es/supermercado/protegeslip-cotton-feel-normal-sin-fragancia-carefree-76-ud/R-594301549/p,Protegeslip cotton feel normal sin fragancia Carefree 76 ud.,"3,65 €",,"0,05 €/ud",,Perfumería e Higiene,Higiene íntima,Protege Slip,https://static.carrefour.es/hd_510x_/img_pim_food/347894_00_1.jpg
https://www.carrefour.es/supermercado/avena-con-chia-alta-en-proteina-sabor-chocolate-linwoods-sin-gluten-y-sin-azucar-anadido-doy-pack-300-g/R-VC4AECOMM-420773/p,Avena con chía alta en proteína sabor chocolate Linwoods sin gluten y sin azúcar añadido doy pack 300 g.,"5,45 €",,"18,17 €/kg",,La Despensa,Desayuno,Cereales,https://static.carrefour.es/hd_510x_/img_pim_food/420773_00_1.jpg
https://www.carrefour.es/supermercado/tomillo-ecologico-carrefour-bio-15-g/R-530913236/p,Tomillo ecológico Carrefour Bio 15 g.,"2,35 €",,"156,67 €/kg",,La Despensa,Alimentación,Especias y Sazonadores,https://static.carrefour.es/hd_510x_/img_pim_food/447875_00_1.jpg
https://www.carrefour.es/supermercado/chicles-sabor-ginger-lemon-sin-azucar-clix-pack-de-3-unidades-468-g/R-VC4AECOMM-686950/p,"Chicles sabor ginger lemon sin azúcar Clix pack de 3 unidades 46,8 g.","1,70 €",,"36,96 €/kg",,La Despensa,Dulce,Dulces y Golosinas,https://static.carrefour.es/hd_510x_/img_pim_food/686950_00_1.jpg
https://www.carrefour.es/supermercado/la-gula-del-norte-2x210-g/R-630301661/p,La Gula del Norte 2x210 g,"10,50 €",,"25,00 €/kg",,Productos Frescos,Pescadería,Surimi y Elaborados,https://static.carrefour.es/hd_510x_/img_pim_food/806329_00_1.jpg
https://www.carrefour.es/supermercado/estuche-poseidon-gold-colonia-100-ml-y-after-shave-100-ml/R-VC4AECOMM-046693/p,Estuche Poseidon Gold: colonia 100 ml y after shave 100 ml.,"15,09 €",,"15,09 €/ud",,Perfumería e Higiene,Baño e Higiene Corporal,Colonias,https://static.carrefour.es/hd_510x_/img_pim_food/046693_00_1.jpg
https://www.carrefour.es/supermercado/barritas-snack-de-queso-proteico-eatlean-sin-lactosa-pack-de-6-unidades-de-20-g/R-VC4AECOMM-350005/p,Barritas snack de queso proteico Eatlean sin lactosa pack de 6 unidades de 20 g.,"4,03 €",,"33,58 €/kg",,Productos Frescos,Quesos,Todos los Quesos,https://static.carrefour.es/hd_510x_/img_pim_food/350005_00_1.jpg
https://www.carrefour.es/supermercado/gel-ducha-mini-carrefour-soft-100-ml/R-VC4AECOMM-151265/p,Gel ducha mini Carrefour Soft 100 ml.,"1,25 €",,"1,25 €/100ml",,Perfumería e Higiene,Baño e Higiene Corporal,Geles de Baño,https://static.carrefour.es/hd_510x_/img_pim_food/151265_00_1.jpg
https://www.carrefour.es/supermercado/agua-de-colonia-n-31-chypre-floral-para-mujer-caravan-150-ml/R-808554979/p,Agua de colonia nº 31 Chypre floral para mujer Caravan 150 ml.,"10,89 €",,"7,26 €/100ml",,Perfumería e Higiene,Baño e Higiene Corporal,Colonias,https://static.carrefour.es/hd_510x_/img_pim_food/887536_00_1.jpg
https://www.carrefour.es/supermercado/vermut-yzaguirre-reserva-rojo-1-l/R-538408239/p,Yzaguirre Vermouth Reserva Vermouth,"12,89 €",,"12,89 €/l",,,,,https://static.carrefour.es/hd_510x_/img_pim_food/554041_00_1.jpg
https://www.carrefour.es/supermercado/crema-exfoliante-pies-reduce-las-durezas-carrefour-soft-125-ml/R-819114696/p,Crema exfoliante pies reduce las durezas Carrefour Soft 125 ml.,"1,40 €",,"1,12 €/100ml",,Perfumería e Higiene,Cuidado y Protección Corporal,Pies,https://static.carrefour.es/hd_510x_/img_pim_food/950885_00_1.jpg
https://www.carrefour.es/supermercado/yogur-natural-desnatado-con-leche-de-oveja-pasteurizada-ecologica-carrefour-bio-420-g/R-VC4AECOMM-437919/p,Yogur natural desnatado con leche de oveja pasteurizada ecológica Carrefour Bio 420 g.,"3,45 €",,"8,21 €/kg",,La Despensa,Yogures y Postres,Yogur Natural y Sabores,https://static.carrefour.es/hd_510x_/img_pim_food/437919_00_1.jpg
https://www.carrefour.es/supermercado/crema-de-ojos-reafirmante-rellena-ilumina-el-contorno-de-ojos-ecologico-nectar-of-bio-15-ml/R-VC4AECOMM-443528/p,Crema de ojos reafirmante rellena & ilumina el contorno de ojos ecológico Nectar Of Bio 15 ml,"5,55 €",,"37,00 €/100ml",,Perfumería e Higiene,Cuidado y Protección Corporal,Piel,https://static.carrefour.es/hd_510x_/img_pim_food/443528_00_1.jpg
https://www.carrefour.es/supermercado/queso-fundido-en-porciones-la-vaca-que-rie-sin-gluten-375-g/R-521034700/p,Queso fundido en porciones La Vaca Que Ríe sin gluten 375 g.,"3,83 €","3,75 €","10,21 €/kg","10,00 €/kg",Productos Frescos,Quesos,Fundidos,https://static.carrefour.es/hd_510x_/img_pim_food/380507_00_1.jpg
https://www.carrefour.es/supermercado/sirope-de-chocolate-royal-300-g/R-prod250428/p,Sirope de chocolate Royal 300 g.,"4,05 €",,"13,50 €/kg",,,,,https://static.carrefour.es/hd_510x_/img_pim_food/290496_00_1.jpg
https://www.carrefour.es/supermercado/cinta-de-lomo-de-cerdo-carrefour-500-g-aprox/R-VC4AECOMM-009725/p,Cinta de Lomo de Cerdo Carrefour 500 g aprox,"3,15 €",,"6,99 €/kg",,Productos Frescos,Carnicería,Cerdo,https://static.carrefour.es/hd_510x_/img_pim_food/009725_00_1.jpg
https://www.carrefour.es/supermercado/lenteja-pardina-categoria-extra-de-nuestra-tierra-1-kg/R-521005433/p,Lenteja pardina categoría extra De Nuestra Tierra 1 kg.,"3,55 €",,"3,55 €/kg",,La Despensa,Alimentación,Legumbres,https://static.carrefour.es/hd_510x_/img_pim_food/226666_00_1.jpg
https://www.carrefour.es/supermercado/higiene-del-oido-adulto-audispray-50-ml/R-590508916/p,Higiene del oído adulto Audispray 50 ml.,"11,45 €",,"11,45 €/ud",,Parafarmacia,Botiquín,Oído y Protectores,https://static.carrefour.es/hd_510x_/img_pim_food/558034_00_1.jpg
https://www.carrefour.es/supermercado/zumo-de-naranja-con-pulpa-ecologico-carrefour-bio-brik-1-l/R-VC4AECOMM-438487/p,Zumo de naranja con pulpa ecológico Carrefour Bio brik 1 l.,"2,99 €",,"2,99 €/l",,Bebidas,Aguas y Zumos,Zumos no Refrigerados,https://static.carrefour.es/hd_510x_/img_pim_food/438487_00_1.jpg
https://www.carrefour.es/supermercado/batido-de-chocolate-puleva-sin-gluten-sin-lactosa-pack-de-6-briks-de-200-ml/R-prod395570/p,Batido de chocolate Puleva sin gluten sin lactosa pack de 6 briks de 200 ml.,"3,29 €",,"2,74 €/l",,La Despensa,Lácteos,Batidos y Horchatas,https://static.carrefour.es/hd_510x_/img_pim_food/502881_00_1.jpg
https://www.carrefour.es/supermercado/mascarilla-capilar-cabellos-tenidos-science-les-cosmetiques-300-ml/R-657701783/p,Mascarilla capilar cabellos teñidos Science Les Cosmétiques 300 ml.,"1,66 €",,"0,55 €/100ml",,Perfumería e Higiene,Cabello,Cuidado y Tratamientos del cabello,https://static.carrefour.es/hd_510x_/img_pim_food/309877_00_1.jpg
https://www.carrefour.es/supermercado/hielo-en-cubitos-carrefour-2-kg/R-VC4AECOMM-651364/p,Hielo en cubitos Carrefour 2 kg.,"0,85 €",,"0,42 €/kg",,Congelados,Helados,Hielo,https://static.carrefour.es/hd_510x_/img_pim_food/651364_00_1.jpg
https://www.carrefour.es/supermercado/yogur-griego-con-tarta-de-arandanos-danone-oikos-pack-de-2-unidades-de-110-g/R-prod670400/p,Yogur griego con tarta de arándanos Danone Oikos pack de 2 unidades de 110 g.,"1,95 €",,"8,86 €/kg",,La Despensa,Yogures y Postres,Yogures Griegos y Enriquecidos,https://static.carrefour.es/hd_510x_/img_pim_food/846137_00_1.jpg
https://www.carrefour.es/supermercado/zamburinas-en-salsa-marinera-con-tomate-carrefour-sin-gluten-65-g/R-prod1130508/p,Zamburiñas en salsa marinera con tomate Carrefour sin gluten 65 g.,"2,29 €",,"35,23 €/kg",,La Despensa,"Conservas, Sopas y Precocinados",Conservas de Pescado y Marisco,https://static.carrefour.es/hd_510x_/img_pim_food/185936_00_1.jpg
https://www.carrefour.es/supermercado/ambientador-electrico-fragancia-white-bouquet-essential-oils-recambio-air-wick-3-ud/R-fprod1190672/p,Ambientador eléctrico fragancia white bouquet Essential Oils recambio Air Wick 3 ud.,"11,35 €",,"3,78 €/ud",,Limpieza y Hogar,Ambientadores,Eléctricos,https://static.carrefour.es/hd_510x_/img_pim_food/248052_00_1.jpg
https://www.carrefour.es/supermercado/pechuga-de-pollo-marinada-al-ajillo-en-filetes-carrefour-500-g-aprox/R-VC4AECOMM-630184/p,Pechuga de Pollo Marinada al Ajillo en Filetes Carrefour 500 g aprox,"3,64 €",,"7,29 €/kg",,Productos Frescos,Carnicería,Otras carnes,https://static.carrefour.es/hd_510x_/img_pim_food/630184_00_1.jpg
https://www.carrefour.es/supermercado/complemento-sueno-forte-en-comprimidos-aquilea-30-ud/R-VC4AECOMM-210428/p,Complemento sueño forte en comprimidos Aquilea 30 ud.,"15,15 €",,"50,50 €/100g",,Parafarmacia,Nutrición y Dietética,Tratamientos Naturales,https://static.carrefour.es/hd_510x_/img_pim_food/210428_00_1.jpg
https://www.carrefour.es/supermercado/contactceys-ceys-30ml/R-612801623/p,Contactceys Ceys 30ml,"1,99 €",,"66,33 €/l",,Limpieza y Hogar,Bazar,Pegamentos y Siliconas,https://static.carrefour.es/hd_510x_/img_pim_food/005106_00_1.jpg
https://www.carrefour.es/supermercado/galletas-finas-con-chocolate-zero-gullon-sin-azucar-anadido-150-g/R-VC4AECOMM-460405/p,Galletas finas con chocolate Zero Gullón sin azúcar añadido 150 g.,"2,69 €",,"17,93 €/kg",,La Despensa,Desayuno,Galletas,https://static.carrefour.es/hd_510x_/img_pim_food/460405_00_1.jpg
https://www.carrefour.es/supermercado/lejia-hogar-con-detergente-frescor-limon-estrella-287-l/R-VC4AECOMM-756784/p,"Lejía hogar con detergente frescor limón Estrella 2,87 l.","6,29 €",,"2,19 €/l",,Limpieza y Hogar,Productos para toda la casa,Lejías y Amoniacos,https://static.carrefour.es/hd_510x_/img_pim_food/756784_00_1.jpg
https://www.carrefour.es/supermercado/tinte-classic-3n-castano-oscuro-farmatint-1-ud/R-590507690/p,Tinte Classic 3N Castaño Oscuro Farmatint 1 ud.,"9,29 €",,"9,29 €/ud",,Parafarmacia,Cabello,Tintes,https://static.carrefour.es/hd_510x_/img_pim_food/541517_00_1.jpg
https://www.carrefour.es/supermercado/barritas-de-chocolate-y-coco-classic-carrefour-sin-gluten-pack-de-3-unidades-de-27-g/R-prod65202/p,Barritas de chocolate y coco Classic Carrefour sin gluten pack de 3 unidades de 27 g.,"2,29 €",,"28,27 €/kg",,La Despensa,Desayuno,Barritas,https://static.carrefour.es/hd_510x_/img_pim_food/006752_00_1.jpg
https://www.carrefour.es/supermercado/salchichas-bratwurst-carrefour-original-sin-gluten-y-sin-lactosa-540-g/R-590211521/p,Salchichas Bratwurst Carrefour Original sin gluten y sin lactosa 540 g.,"6,39 €",,"11,83 €/kg",,Productos Frescos,Charcutería,Salchichas,https://static.carrefour.es/hd_510x_/img_pim_food/307804_00_1.jpg
https://www.carrefour.es/supermercado/cookies-airos-sin-gluten-190-g/R-VC4AECOMM-186742/p,Cookies Airos sin gluten 190 g.,"3,69 €",,"19,42 €/kg",,La Despensa,Desayuno,Galletas,https://static.carrefour.es/hd_510x_/img_pim_food/186742_00_1.jpg
https://www.carrefour.es/supermercado/pienso-de-salmon-para-perro-medium-ultima-3-kg/R-fprod1190602/p,Pienso de salmón para perro Medium Ultima 3 Kg.,"16,45 €",,"5,48 €/kg",,Mascotas,Perros,Pienso para perros,https://static.carrefour.es/hd_510x_/img_pim_food/213613_00_1.jpg
https://www.carrefour.es/supermercado/espinacas-en-hojas-ultracongeladas-findus-400-g/R-VC4AECOMM-279251/p,Espinacas en hojas ultracongeladas Findus 400 g,"2,70 €",,"6,75 €/kg",,Congelados,Verduras Congeladas,,https://static.carrefour.es/hd_510x_/img_pim_food/279251_00_1.jpg
https://www.carrefour.es/supermercado/leche-condensada-nestle-la-lechera-450-g/R-521013211/p,Leche condensada Nestlé La Lechera 450 g.,"3,85 €",,"8,56 €/kg",,La Despensa,Lácteos,"Leche Condensada, Evaporada y en Polvo",https://static.carrefour.es/hd_510x_/img_pim_food/373455_00_1.jpg
https://www.carrefour.es/supermercado/maquinillas-desechables-para-hombre-3-hojas-carrefour-men-8-ud/R-VC4AECOMM-479075/p,Maquinillas desechables para hombre 3 hojas Carrefour Men 8 ud.,"3,65 €",,"0,46 €/ud",,Perfumería e Higiene,Depilación y Afeitado,Maquinillas y Recambios,https://static.carrefour.es/hd_510x_/img_pim_food/479075_00_1.jpg
https://www.carrefour.es/supermercado/vino-tinto-carta-de-plata-berberana-vt-castilla-75-cl/R-520662893/p,Berberana Carta De Plata Con Crianza,"5,29 €",,"5,29 €/ud",,Bebidas,Vinos,Tinto,https://static.carrefour.es/hd_510x_/img_pim_food/231408_00_1.jpg
https://www.carrefour.es/supermercado/caramelos-sabor-citrico-sin-azucar-pectol-pack-3-unidades-de-31-g/R-VC4AECOMM-679056/p,Caramelos sabor cítrico sin azúcar Pectol pack 3 unidades de 31 g.,"1,24 €",,"13,33 €/kg",,La Despensa,Dulce,Dulces y Golosinas,https://static.carrefour.es/hd_510x_/img_pim_food/679056_00_1.jpg
https://www.carrefour.es/supermercado/fregasuelos-insecticida-aroma-lavanda-desic-kh-7-750-ml/R-780049817/p,Fregasuelos insecticida aroma lavanda Desic KH-7 750 ml.,"4,85 €",,"6,47 €/l",,Limpieza y Hogar,Productos para toda la casa,Suelos,https://static.carrefour.es/hd_510x_/img_pim_food/817453_00_1.jpg
https://www.carrefour.es/supermercado/pan-tostado-alto-en-proteinas-sensation-carrefour-200-g/R-VC4AECOMM-302954/p,Pan tostado alto en proteínas Sensation Carrefour 200 g.,"3,19 €",,"15,95 €/kg",,La Despensa,"Panaderia, Bollería y Pastelería","Pan tostado, Biscottes y Barritas",https://static.carrefour.es/hd_510x_/img_pim_food/302954_00_1.jpg
https://www.carrefour.es/supermercado/cafe-molido-natural-espresso-lavazza-250-g/R-526539405/p,Café molido natural espresso Lavazza 250 g.,"5,69 €",,"22,76 €/kg",,La Despensa,Desayuno,Cafés,https://static.carrefour.es/hd_510x_/img_pim_food/795951_00_1.jpg
https://www.carrefour.es/supermercado/monster-energy-zero-bebida-energetica-sin-azucar-lata-50-cl/R-814300409/p,Monster Energy Zero Bebida Energética sin azúcar lata 50 cl.,"1,79 €",,"3,58 €/l",,Bebidas,Refrescos,Energéticas,https://static.carrefour.es/hd_510x_/img_pim_food/936866_00_1.jpg
https://www.carrefour.es/supermercado/preparado-lacteo-infantil-de-crecimiento-desde-24-meses-en-polvo-nestle-nidina-4-lata-800-g/R-720619039/p,Preparado lácteo infantil de crecimiento desde 24 meses en polvo Nestlé Nidina 4 lata 800 g.,"17,95 €",,"22,44 €/kg",,Bebé,Alimentación infantil,Leches Infantiles,https://static.carrefour.es/hd_510x_/img_pim_food/643003_00_1.jpg
https://www.carrefour.es/supermercado/tonica-carrefour-pack-de-6-botellas-de-20-cl/R-521028109/p,Tónica Carrefour pack de 6 botellas de 20 cl.,"2,79 €",,"2,32 €/l",,Bebidas,Refrescos,Tónica,https://static.carrefour.es/hd_510x_/img_pim_food/228962_00_1.jpg
https://www.carrefour.es/supermercado/nectar-de-pina-granini-botella-1-l/R-520660894/p,Néctar de piña Granini botella 1 l.,"2,99 €",,"2,99 €/l",,Bebidas,Aguas y Zumos,Zumos no Refrigerados,https://static.carrefour.es/hd_510x_/img_pim_food/020868_00_1.jpg
https://www.carrefour.es/supermercado/gel-control-imperfecciones-cerave-40-ml/R-VC4AECOMM-147602/p,Gel control imperfecciones CeraVe 40 ml.,"15,79 €",,"39,47 €/100ml",,Parafarmacia,Cuidado e higiene facial,Cremas faciales,https://static.carrefour.es/hd_510x_/img_pim_food/147602_00_1.jpg
https://www.carrefour.es/supermercado/chocolate-blanco-nestle-milkybar-100-g/R-prod370538/p,Chocolate blanco Nestlé Milkybar 100 g.,"1,94 €",,"19,40 €/kg",,La Despensa,Dulce,Bombones y Chocolates,https://static.carrefour.es/hd_510x_/img_pim_food/430306_00_1.jpg
https://www.carrefour.es/supermercado/gel-champu-para-bebe-atopic-protect-aceite-de-aguacate-carrefour-my-baby-500-ml/R-VC4AECOMM-436430/p,Gel - Champú para bebé atopic protect aceite de aguacate Carrefour My Baby 500 ml.,"3,05 €",,"0,61 €/100ml",,Bebé,Perfumería e Higiene,Champú,https://static.carrefour.es/hd_510x_/img_pim_food/436430_00_1.jpg
https://www.carrefour.es/supermercado/bollito-recubierto-de-chocolate-clasicos-donettes-8-ud/R-VC4AECOMM-682477/p,Bollito recubierto de chocolate clasicos Donettes 8 ud.,"2,85 €",,"18,75 €/kg",,La Despensa,"Panaderia, Bollería y Pastelería",Bollería,https://static.carrefour.es/hd_510x_/img_pim_food/682477_00_1.jpg
https://www.carrefour.es/supermercado/apio-en-tiras-classic-carrefour-250-g/R-VC4AECOMM-705379/p,"Apio en tiras Classic Carrefour, 250 g.","1,92 €",,"7,68 €/kg",,La Despensa,"Conservas, Sopas y Precocinados",Conservas de Vegetales,https://static.carrefour.es/hd_510x_/img_pim_food/705379_00_1.jpg
https://www.carrefour.es/supermercado/agua-de-colonia-n-39-floral-polvorosa-para-mujer-caravan-150-ml/R-808554943/p,Agua de colonia nº 39 Floral polvorosa para mujer Caravan 150 ml.,"10,89 €",,"7,26 €/100ml",,Perfumería e Higiene,Baño e Higiene Corporal,Colonias,https://static.carrefour.es/hd_510x_/img_pim_food/887486_00_1.jpg
https://www.carrefour.es/supermercado/bebida-de-proteina-sabor-choco-y-avena-sin-azucar-anadido-kaiku-sin-gluten-sin-lactosa-330-ml/R-VC4AECOMM-127708/p,Bebida de proteína sabor choco y avena sin azúcar añadido Kaiku sin gluten sin lactosa 330 ml.,"2,55 €",,"7,73 €/l",,La Despensa,Yogures y Postres,Proteína,https://static.carrefour.es/hd_510x_/img_pim_food/127708_00_1.jpg
https://www.carrefour.es/supermercado/gasas-bebe-para-limpieza-de-ojos-y-cara-dytas-100-us/R-VC4AECOMM-638054/p,Gasas bebe para limpieza de ojos y cara Dytas 100 us.,"2,89 €",,"0,03 €/ud",,Bebé,Perfumería e Higiene,"Bastoncillos, Algodón y Sueros",https://static.carrefour.es/hd_510x_/img_pim_food/638054_00_1.jpg
https://www.carrefour.es/supermercado/ambientador-automatico-freshmatic-delicias-de-verano-recambio-air-wick-3-ud/R-VC4AECOMM-416508/p,Ambientador automático freshmatic delicias de verano recambio Air Wick 3 ud.,"11,35 €",,"3,78 €/ud",,Limpieza y Hogar,Ambientadores,Automáticos,https://static.carrefour.es/hd_510x_/img_pim_food/416508_00_1.jpg
https://www.carrefour.es/supermercado/bizcocho-rondo-de-yogur-carrefour-el-mercado-700-g/R-VC4AECOMM-342503/p,Bizcocho rondo de yogur Carrefour El Mercado 700 g,"2,95 €",,"4,21 €/kg",,Productos Frescos,Panadería Tradicional,Bollería Tradicional,https://static.carrefour.es/hd_510x_/img_pim_food/342503_00_1.jpg
https://www.carrefour.es/supermercado/preparado-en-polvo-para-hacer-bizcocho-royal-375-g/R-521004440/p,Preparado en polvo para hacer bizcocho Royal 375 g.,"3,59 €",,"9,57 €/kg",,La Despensa,Dulce,Repostería,https://static.carrefour.es/hd_510x_/img_pim_food/002034_00_1.jpg
https://www.carrefour.es/supermercado/cereales-con-fruta-cruesli-quaker-375-g/R-521033554/p,Cereales con fruta Cruesli Quaker 375 g.,"5,25 €",,"14,00 €/kg",,La Despensa,Desayuno,Cereales,https://static.carrefour.es/hd_510x_/img_pim_food/011577_00_1.jpg
https://www.carrefour.es/supermercado/ampollas-anticaida-pilexil-forte-15-ud/R-679901859/p,Ampollas anticaída Pilexil Forte 15 ud.,"48,80 €",,"3,25 €/ud",,Parafarmacia,Cabello,Champús Anticaída,https://static.carrefour.es/hd_510x_/img_pim_food/060084_00_1.jpg
https://www.carrefour.es/supermercado/aceite-de-oliva-virgen-extra-ybarra-750-ml/R-521008682/p,Aceite de oliva virgen extra Ybarra 750 ml.,"9,74 €",,"12,99 €/l",,La Despensa,Alimentación,Aceites y vinagres,https://static.carrefour.es/hd_510x_/img_pim_food/653455_00_1.jpg
https://www.carrefour.es/supermercado/red-bull-bebida-energetica-pack-8-latas-25-cl/R-520660777/p,Red Bull Bebida Energética pack 8 latas 25 cl,"10,39 €",,"5,19 €/l",,Bebidas,Refrescos,Energéticas,https://static.carrefour.es/hd_510x_/img_pim_food/738587_00_1.jpg
https://www.carrefour.es/supermercado/caramelos-de-goma-happy-cola-haribo-150-g/R-VC4AECOMM-209712/p,Caramelos de goma Happy Cola Haribo 150 g.,"1,87 €",,"12,47 €/kg",,La Despensa,Dulce,Dulces y Golosinas,https://static.carrefour.es/hd_510x_/img_pim_food/209712_00_1.jpg
https://www.carrefour.es/supermercado/crema-de-chocolate-ecologica-pastoret-100-g/R-prod830323/p,Crema de chocolate ecológica Pastoret 100 g.,"1,99 €",,"19,90 €/kg",,La Despensa,Yogures y Postres,"Natillas, Cremas y Copas",https://static.carrefour.es/hd_510x_/img_pim_food/298748_00_1.jpg
https://www.carrefour.es/supermercado/harina-integral-de-centeno-ecologica-carrefour-bio-1-kg/R-VC4AECOMM-105000/p,Harina integral de centeno ecológica Carrefour Bio 1 kg.,"2,45 €",,"2,45 €/kg",,La Despensa,Alimentación,Harinas y Levaduras,https://static.carrefour.es/hd_510x_/img_pim_food/105000_00_1.jpg
https://www.carrefour.es/supermercado/agua-mineral-bezoya-1-l/R-VC4AECOMM-608360/p,Agua mineral Bezoya 1 l.,"0,67 €",,"0,67 €/l
- 4,02 €/6 uds.",,Bebidas,Aguas y Zumos,"Agua de 0,75 a 2 litros",https://static.carrefour.es/hd_510x_/img_pim_food/608360_00_1.jpg
https://www.carrefour.es/supermercado/nueces-crudas-peladas-medina-540-g/R-VC4AECOMM-717950/p,Nueces crudas peladas Medina 540 g.,"7,80 €",,"14,44 €/kg",,La Despensa,Aperitivos,Frutos Secos,https://static.carrefour.es/hd_510x_/img_pim_food/717950_00_1.jpg
https://www.carrefour.es/supermercado/lomo-de-bacalao-procedente-de-pesca-sostenible-congelado-carrefour-300-g/R-799398282/p,Lomo de bacalao procedente de pesca sostenible congelado Carrefour 300 g.,"5,69 €",,"18,97 €/kg",,Congelados,Pescados Congelados,,https://static.carrefour.es/hd_510x_/img_pim_food/904285_00_1.jpg
https://www.carrefour.es/supermercado/nestea-te-negro-con-limon-pack-de-9-latas-de-33-cl/R-663801815/p,Nestea té negro con limón pack de 9 latas de 33 cl.,"8,69 €",,"2,93 €/l",,Bebidas,Refrescos,Sabores sin Gas,https://static.carrefour.es/hd_510x_/img_pim_food/316709_00_1.jpg
https://www.carrefour.es/supermercado/lavavajillas-a-maquina-en-pastillas-todo-en-1-somat-26-ud/R-VC4AECOMM-156523/p,Lavavajillas a máquina en pastillas Todo en 1 Somat 26 ud.,"7,85 €",,"0,30 €/lavado",,Limpieza y Hogar,Productos para Cocina,Lavavajillas a máquina,https://static.carrefour.es/hd_510x_/img_pim_food/156523_00_1.jpg
https://www.carrefour.es/supermercado/judias-verdes-finas-troceadas-bonduelle-360-g/R-522713783/p,Judías verdes finas troceadas Bonduelle 360 g.,"3,75 €",,"10,42 €/kg",,La Despensa,"Conservas, Sopas y Precocinados",Conservas de Vegetales,https://static.carrefour.es/hd_510x_/img_pim_food/039237_00_1.jpg
https://www.carrefour.es/supermercado/bocados-mediterraneo-de-heura-sin-gluten-160-g/R-VC4AECOMM-436408/p,Bocados mediterraneo de Heüra sin gluten 160 g.,"3,99 €",,"24,94 €/kg",,La Despensa,"Conservas, Sopas y Precocinados",Masa Fresca y Bases,https://static.carrefour.es/hd_510x_/img_pim_food/436408_00_1.jpg
https://www.carrefour.es/supermercado/leche-evaporada-4-materia-grasa-ideal-nestle-sin-lactosa-525-g/R-prod231365/p,Leche evaporada 4% materia grasa Ideal Nestlé sin lactosa 525 g.,"3,15 €",,"6,00 €/kg",,La Despensa,Lácteos,"Leche Condensada, Evaporada y en Polvo",https://static.carrefour.es/hd_510x_/img_pim_food/284538_00_1.jpg
https://www.carrefour.es/supermercado/corazones-de-filete-de-merluza-congelados-pescanova-500-g/R-521031245/p,Corazones de filete de merluza congelados Pescanova 500 g.,"7,19 €",,"14,38 €/kg",,Congelados,Pescados Congelados,,https://static.carrefour.es/hd_510x_/img_pim_food/040488_00_1.jpg
https://www.carrefour.es/supermercado/potenciador-de-lavado-quitamanchas-para-ropa-blanca-en-gel-sin-lejia-oxi-advanced-vanish-1500-ml/R-VC4AECOMM-550399/p,Potenciador de lavado quitamanchas para ropa blanca en gel sin lejía Oxi Advanced Vanish 1500 ml.,"16,35 €",,"10,90 €/l",,Limpieza y Hogar,Cuidado de la Ropa,Aditivos y quitamanchas,https://static.carrefour.es/hd_510x_/img_pim_food/550399_00_1.jpg
https://www.carrefour.es/supermercado/albondigas-de-proteina-vegetal-con-tomate-litoral-415-g/R-VC4AECOMM-304554/p,Albóndigas de proteína vegetal con tomate Litoral 415 g.,"4,45 €",,"10,72 €/kg",,La Despensa,"Conservas, Sopas y Precocinados",Platos Preparados,https://static.carrefour.es/hd_510x_/img_pim_food/304554_00_1.jpg
https://www.carrefour.es/supermercado/infusion-minty-morocco-en-bolsitas-hornimans-20-ud/R-676801970/p,Infusión Minty Morocco en bolsitas Hornimans 20 ud.,"2,89 €",,"72,25 €/kg",,La Despensa,Desayuno,Infusiones y Tés,https://static.carrefour.es/hd_510x_/img_pim_food/037508_00_1.jpg
https://www.carrefour.es/supermercado/sirope-de-caramelo-carrefour-420-g/R-804260115/p,Sirope de caramelo Carrefour 420 g.,"1,61 €",,"5,85 €/kg",,La Despensa,Dulce,"Siropes, Aromas y Decoración",https://static.carrefour.es/hd_510x_/img_pim_food/783608_00_1.jpg
https://www.carrefour.es/supermercado/bifidus-desnatado-edulcorado-natural-sin-azucar-anadido-carrefour-classic-pack-de-8-unidades-de-125-g/R-VC4AECOMM-374678/p,Bífidus desnatado edulcorado natural sin azúcar añadido Carrefour Classic' pack de 8 unidades de 125 g.,"2,05 €",,"2,05 €/kg",,La Despensa,Yogures y Postres,Bífidus,https://static.carrefour.es/hd_510x_/img_pim_food/374678_00_1.jpg
https://www.carrefour.es/supermercado/tarta-helada-al-whisky-nestle-helados-580-g/R-521035364/p,Tarta helada al whisky Nestlé Helados 580 g.,"10,65 €",,"18,36 €/kg",,Congelados,Helados,Tartas Heladas,https://static.carrefour.es/hd_510x_/img_pim_food/643037_00_1.jpg
https://www.carrefour.es/supermercado/enjuague-bucal-mentol-listerine-500-ml/R-521000419/p,Enjuague bucal mentol Listerine 500 ml.,"5,55 €",,"1,11 €/100ml",,Perfumería e Higiene,Boca y Sonrisa,Enjuagues Bucales,https://static.carrefour.es/hd_510x_/img_pim_food/001392_00_1.jpg
https://www.carrefour.es/supermercado/suavizante-concentrado-esencia-para-recordar-san-59-lavados/R-VC4AECOMM-012789/p,Suavizante concentrado esencia para recordar San 59 lavados.,"2,59 €",,"0,04 €/lavado",,Limpieza y Hogar,Cuidado de la Ropa,Suavizantes,https://static.carrefour.es/hd_510x_/img_pim_food/012789_00_1.jpg
https://www.carrefour.es/supermercado/ciruela-con-hueso-carrefour-tarrina-350-g/R-prod1070669/p,Ciruela con hueso Carrefour tarrina 350 g,"2,99 €",,"8,54 €/kg",,La Despensa,Aperitivos,Frutos Secos,https://static.carrefour.es/hd_510x_/img_pim_food/142279_00_1.jpg
https://www.carrefour.es/supermercado/biberon-anticolicos-2-meses-tetina-inclinada-de-silicona-naturalfeeling-chicco-250-ml/R-prod430088/p,Biberón anticólicos 2+ meses tetina inclinada de silicona NaturalFeeling Chicco 250 ml.,"7,09 €",,"7,09 €/ud",,Parafarmacia,Bebé,Puericultura,https://static.carrefour.es/hd_510x_/img_pim_food/823692_00_1.jpg
https://www.carrefour.es/supermercado/hamburguesa-de-pollo-congelada-simons-food-3x80g/R-663901758/p,Hamburguesa de pollo congelada Simon´s Food 3x80g,"1,09 €",,"4,54 €/kg",,Productos Frescos,Carnicería,Hamburguesas,https://static.carrefour.es/hd_510x_/img_pim_food/293398_00_1.jpg
https://www.carrefour.es/supermercado/compresas-normal-fina-y-segura-evax-40-ud/R-prod820120/p,Compresas normal Fina y Segura Evax 40 ud.,"3,79 €",,"0,09 €/ud",,Perfumería e Higiene,Higiene íntima,Compresas,https://static.carrefour.es/hd_510x_/img_pim_food/251064_00_1.jpg
https://www.carrefour.es/supermercado/crema-hidratante-anti-arrugas-de-expresion-loreal-men-expert-50-ml/R-521008577/p,Crema hidratante anti-arrugas de expresión L'Oréal-Men Expert 50 ml.,"10,80 €",,"21,60 €/100ml",,Perfumería e Higiene,Cuidado y Protección Corporal,Piel,https://static.carrefour.es/hd_510x_/img_pim_food/576760_00_1.jpg
https://www.carrefour.es/supermercado/emulsion-sin-jabon-con-aceite-de-oliva-sebamed-1-l/R-607402113/p,Emulsión sin jabón con aceite de oliva Sebamed 1 l.,"20,20 €",,"2,02 €/100ml",,Parafarmacia,Cuidado corporal,Jabones y Geles,https://static.carrefour.es/hd_510x_/img_pim_food/352090_00_1.jpg
https://www.carrefour.es/supermercado/salchichas-vegetales-frankfurt-ecologicas-carrefour-bio-230-g/R-prod710041/p,Salchichas vegetales frankfurt ecológicas Carrefour Bio 230 g.,"6,19 €",,"26,91 €/kg",,Productos Frescos,Charcutería,Salchichas,https://static.carrefour.es/hd_510x_/img_pim_food/849931_00_1.jpg
https://www.carrefour.es/supermercado/crema-hidratante-de-dia-niacinamida-spf30-olay-50-ml/R-VC4AECOMM-067790/p,Crema hidratante de día Niacinamida + SPF30 Olay 50 ml.,"35,60 €",,"71,20 €/100ml",,Perfumería e Higiene,Cosmética,Rostro,https://static.carrefour.es/hd_510x_/img_pim_food/067790_00_1.jpg
https://www.carrefour.es/supermercado/higiene-intima-calmante-eucerin-pack-de-2-unidades-de-250-ml/R-657301807/p,Higiene íntima calmante Eucerin pack de 2 unidades de 250 ml.,"9,25 €",,"1,85 €/100ml",,Parafarmacia,Cuidado corporal,Cuidado Íntimo,https://static.carrefour.es/hd_510x_/img_pim_food/760377_00_1.jpg
https://www.carrefour.es/supermercado/seitan-tofu-ecologico-carrefour-bio-250-g/R-VC4AECOMM-430858/p,Seitán tofu ecológico Carrefour Bio 250 g.,"2,95 €",,"11,80 €/kg",,La Despensa,"Conservas, Sopas y Precocinados",Platos Preparados,https://static.carrefour.es/hd_510x_/img_pim_food/430858_00_1.jpg
https://www.carrefour.es/supermercado/solucion-multiusos-para-lentes-de-contacto-solupharm-pack-de-2-unidades-de-360-ml/R-594301625/p,Solución multiusos para lentes de contacto Solupharm pack de 2 unidades de 360 ml.,"11,85 €",,"1,65 €/100ml",,Parafarmacia,Botiquín,Lentillas y Sueros,https://static.carrefour.es/hd_510x_/img_pim_food/348017_00_1.jpg
https://www.carrefour.es/supermercado/salsa-para-ensalada-caesar-heinz-envase-400-ml/R-529043709/p,Salsa para ensalada Caesar Heinz envase 400 ml.,"4,19 €",,"10,47 €/l",,La Despensa,Alimentación,Salsas y Tomate Frito,https://static.carrefour.es/hd_510x_/img_pim_food/799718_00_1.jpg
https://www.carrefour.es/supermercado/cacahuete-cubierto-de-chocolate-blanco-y-negro-lacasa-sin-gluten-y-sin-aceite-de-palma-450-g/R-788191956/p,Cacahuete cubierto de chocolate blanco y negro Lacasa sin gluten y sin aceite de palma 450 g.,"5,65 €",,"12,56 €/kg",,La Despensa,Dulce,Bombones y Chocolates,https://static.carrefour.es/hd_510x_/img_pim_food/882539_00_1.jpg
https://www.carrefour.es/supermercado/pienso-de-cordero-para-perro-adulto-medium-maxi-ultima-nature-3-kg/R-826752931/p,Pienso de cordero para perro adulto medium maxi Ultima Nature 3 Kg,"17,89 €",,"5,96 €/kg",,Mascotas,Perros,Pienso para perros,https://static.carrefour.es/hd_510x_/img_pim_food/960933_00_1.jpg
https://www.carrefour.es/supermercado/aperitivo-de-patata-sabor-original-pringles-185-g/R-VC4AECOMM-142078/p,Aperitivo de patata sabor original Pringles 185 g.,"2,35 €",,"12,70 €/kg",,La Despensa,Aperitivos,Patatas Fritas,https://static.carrefour.es/hd_510x_/img_pim_food/142078_00_1.jpg
https://www.carrefour.es/supermercado/judias-verdes-finas-al-natural-classic-carrefour-440-g/R-521005916/p,Judías verdes finas al natural Classic Carrefour 440 g.,"1,39 €",,"3,16 €/kg",,La Despensa,"Conservas, Sopas y Precocinados",Conservas de Vegetales,https://static.carrefour.es/hd_510x_/img_pim_food/236341_00_1.jpg
https://www.carrefour.es/supermercado/vieira-rellena-con-buey-de-mar-carrefour-extra-110-g/R-VC4AECOMM-412856/p,Vieira rellena con buey de mar Carrefour Extra 110 g.,"2,75 €",,"25,00 €/kg",,La Despensa,"Conservas, Sopas y Precocinados",Platos Preparados,https://static.carrefour.es/hd_510x_/img_pim_food/412856_00_1.jpg
https://www.carrefour.es/supermercado/coloracion-permanente-n-21-negro-azulado-garnier-color-sensation-1-ud/R-652602076/p,"Coloración Permanente nº 2,1 Negro Azulado Garnier Color Sensation 1 ud.","3,49 €",,"3,49 €/ud",,Perfumería e Higiene,Cabello,Tinte,https://static.carrefour.es/hd_510x_/img_pim_food/169492_00_1.jpg
https://www.carrefour.es/supermercado/galletas-caramelizadas-lotus-biscoff-124-g/R-590216249/p,Galletas caramelizadas Lotus Biscoff 124 g.,"1,26 €",,"10,16 €/kg",,La Despensa,Desayuno,Galletas,https://static.carrefour.es/hd_510x_/img_pim_food/793983_00_1.jpg
https://www.carrefour.es/supermercado/snacks-pretzels-planos-con-sal-marina-elephant-80-g/R-VC4AECOMM-354563/p,Snacks pretzels planos con sal marina Elephant 80 g.,"1,58 €",,"19,75 €/kg",,La Despensa,Aperitivos,Snacks,https://static.carrefour.es/hd_510x_/img_pim_food/354563_00_1.jpg
https://www.carrefour.es/supermercado/aceite-de-oliva-virgen-extra-picual-oro-bailen-500-ml/R-577501579/p,Aceite de oliva virgen extra picual Oro Bailén 500 ml.,"13,41 €",,"26,82 €/l",,La Despensa,Alimentación,Aceites y vinagres,https://static.carrefour.es/hd_510x_/img_pim_food/287106_00_1.jpg
https://www.carrefour.es/supermercado/pepsi-zero-azucar-pack-de-12-latas-de-33-cl/R-VC4AECOMM-471342/p,Pepsi zero azúcar pack de 12 latas de 33 cl.,"8,79 €",,"2,22 €/l",,Bebidas,Refrescos,Colas,https://static.carrefour.es/hd_510x_/img_pim_food/471342_00_1.jpg
https://www.carrefour.es/supermercado/salsa-para-pizza-al-oregano-carrefour-sin-gluten-tarro-300-g/R-551802017/p,Salsa para pizza al orégano Carrefour sin gluten tarro 300 g.,"1,40 €",,"4,67 €/kg",,La Despensa,Alimentación,Salsas y Tomate Frito,https://static.carrefour.es/hd_510x_/img_pim_food/243173_00_1.jpg
https://www.carrefour.es/supermercado/leche-fermentada-liquida-sabor-fresa-danone-actimel-kids-sin-gluten-pack-6-unidades-100-g/R-VC4AECOMM-213977/p,Leche fermentada líquida sabor fresa Danone Actimel Kids sin gluten pack 6 unidades 100 g.,"3,79 €",,"6,32 €/kg",,La Despensa,Yogures y Postres,Yogures Líquidos,https://static.carrefour.es/hd_510x_/img_pim_food/213977_00_1.jpg
https://www.carrefour.es/supermercado/crema-de-sobrasada-picante-pena-cruz-sin-gluten-250-g/R-VC4AECOMM-449587/p,Crema de Sobrasada Picante Peña Cruz sin gluten 250 g,"2,05 €",,"8,20 €/kg",,Productos Frescos,Charcutería,"Foie, Patés y Sobrasadas",https://static.carrefour.es/hd_510x_/img_pim_food/449587_00_1.jpg
https://www.carrefour.es/supermercado/bolsita-de-sandia-platano-y-manzana-desde-6-meses-hero-sin-gluten-y-sin-azucar-anadido-100-g/R-VC4AECOMM-462726/p,"Bolsita de sandia, plátano y manzana desde 6 meses Hero sin gluten y sin azúcar añadido 100 g.","1,08 €",,"10,80 €/kg",,Bebé,Alimentación infantil,"Postres, Zumos, Petit y Yogures Infantiles",https://static.carrefour.es/hd_510x_/img_pim_food/462726_00_1.jpg
https://www.carrefour.es/supermercado/quitamanchas-ropa-blanca-en-gel-oxy-power-carrefour-2-l/R-866818990/p,Quitamanchas ropa blanca en gel Oxy Power Carrefour 2 l.,"1,75 €",,"0,87 €/l",,Limpieza y Hogar,Cuidado de la Ropa,Aditivos y quitamanchas,https://static.carrefour.es/hd_510x_/img_pim_food/162651_00_1.jpg
https://www.carrefour.es/supermercado/raviolis-de-trufa-blanca-setas-y-queso-rana-gourmet-250-g/R-785501759/p,"Raviolis de trufa blanca, setas y queso Rana Gourmet 250 g.","4,59 €",,"18,36 €/kg",,La Despensa,Alimentación,Pastas,https://static.carrefour.es/hd_510x_/img_pim_food/875614_00_1.jpg
https://www.carrefour.es/supermercado/kit-dental-infantil-viaje-pierrot-cepillo-de-dientes-crema-dental-fresa-y-capuchon-tiburon-1-ud/R-prod69857/p,"Kit dental infantil viaje Pierrot: cepillo de dientes, crema dental fresa y capuchón tiburón 1 ud.","4,29 €",,"4,29 €/ud",,Perfumería e Higiene,Cuidado y Protección Corporal,Productos para Viaje,https://static.carrefour.es/hd_510x_/img_pim_food/905919_00_1.jpg
https://www.carrefour.es/supermercado/gel-wc-super-desincrustante-carrefour-750-ml/R-819256978/p,Gel WC super desincrustante Carrefour 750 ml.,"1,20 €",,"1,60 €/l",,Limpieza y Hogar,Productos para Baño,WC,https://static.carrefour.es/hd_510x_/img_pim_food/953865_00_1.jpg
https://www.carrefour.es/supermercado/calamar-patagonico-entero-congelado-classic-carrefour-510-g/R-VC4AECOMM-816036/p,Calamar patagónico entero congelado Classic´ Carrefour 510 g.,"4,39 €",,"8,61 €/kg",,Congelados,"Pulpo, Calamar y Sepia Congelados",,https://static.carrefour.es/hd_510x_/img_pim_food/816036_00_1.jpg
https://www.carrefour.es/supermercado/preparado-de-soja-con-mango-proteina-alpro-sin-gluten-y-sin-lactosa-150-g/R-VC4AECOMM-328400/p,Preparado de soja con mango + proteína Alpro sin gluten y sin lactosa 150 g.,"1,41 €",,"9,40 €/kg",,La Despensa,Yogures y Postres,Proteína,https://static.carrefour.es/hd_510x_/img_pim_food/328400_00_1.jpg
https://www.carrefour.es/supermercado/cafe-soluble-latin-america-nescafe-farmers-origins-90-g/R-VC4AECOMM-254913/p,Café soluble Latin America Nescafé Farmers Origins 90 g.,"6,89 €",,"76,56 €/kg",,La Despensa,Desayuno,Cafés,https://static.carrefour.es/hd_510x_/img_pim_food/254913_00_1.jpg
https://www.carrefour.es/supermercado/uva-rosada-sin-pepitas-carrefour-el-mercado-bandeja-de-500-g/R-fprod1460463/p,Uva rosada sin pepitas Carrefour El Mercado bandeja de 500 g,"1,59 €",,"3,18 €/kg",,Productos Frescos,Frutas,Uvas,https://static.carrefour.es/hd_510x_/img_pim_food/402114_00_1.jpg
https://www.carrefour.es/supermercado/dentifrico-proteccion-avanzada-caries-profesional-elmex-75-ml/R-VC4AECOMM-638593/p,Dentífrico protección avanzada Caries Profesional Elmex 75 ml.,"4,75 €",,"6,33 €/100ml",,Parafarmacia,Higiene Bucal,Pasta de dientes,https://static.carrefour.es/hd_510x_/img_pim_food/638593_00_1.jpg
https://www.carrefour.es/supermercado/preservativos-estimulante-happy-sex-12-ud/R-prod1010244/p,Preservativos Estimulante Happy Sex 12 ud.,"3,79 €",,"0,32 €/ud",,Perfumería e Higiene,Bienestar Sexual,Preservativos,https://static.carrefour.es/hd_510x_/img_pim_food/092376_00_1.jpg
https://www.carrefour.es/supermercado/cuchilla-depiladora-de-cejas-beter-3-ud/R-729124680/p,Cuchilla depiladora de cejas Beter 3 ud.,"3,39 €",,"1,13 €/ud",,Perfumería e Higiene,Depilación y Afeitado,Depilación,https://static.carrefour.es/hd_510x_/img_pim_food/675788_00_1.jpg
https://www.carrefour.es/supermercado/ensalada-de-pasta-bon-appetit-carrefour-250-g/R-prod224946/p,Ensalada de pasta Bon Appétit Carrefour 250 g.,"2,69 €",,"10,76 €/kg",,La Despensa,"Conservas, Sopas y Precocinados",Platos Preparados,https://static.carrefour.es/hd_510x_/img_pim_food/277256_00_1.jpg
https://www.carrefour.es/supermercado/barritas-de-cereales-tostados-con-cacao-y-leche-nesquik-nestle-pack-de-6-unidades-de-25-g/R-521003374/p,Barritas de cereales tostados con cacao y leche Nesquik Nestlé pack de 6 unidades de 25 g.,"3,05 €",,"20,33 €/kg",,La Despensa,Desayuno,Barritas,https://static.carrefour.es/hd_510x_/img_pim_food/359343_00_1.jpg
https://www.carrefour.es/supermercado/bolsita-de-fresa-y-platano-desde-6-meses-ecologico-smileat-sin-gluten-100-g/R-prod395444/p,Bolsita de fresa y plátano desde 6 meses ecológico Smileat sin gluten 100 g.,"1,82 €",,"18,20 €/kg",,Bebé,Alimentación infantil,"Postres, Zumos, Petit y Yogures Infantiles",https://static.carrefour.es/hd_510x_/img_pim_food/497358_00_1.jpg
https://www.carrefour.es/supermercado/papilla-infantil-desde-6-meses-multicereales-gerber-sin-azucar-anadido-270-g/R-VC4AECOMM-050167/p,Papilla infantil desde 6 meses multicereales Gerber sin azúcar añadido 270 g.,"4,49 €",,"16,63 €/kg",,Bebé,Alimentación infantil,Papillas,https://static.carrefour.es/hd_510x_/img_pim_food/050167_00_1.jpg
https://www.carrefour.es/supermercado/champu-purificante-para-pelo-fino-propenso-a-engrasarse-pro-v-pantene-325-ml/R-VC4AECOMM-504932/p,Champú purificante para pelo fino propenso a engrasarse Pro-V Pantene 325 ml.,"4,20 €",,"1,29 €/100ml",,Perfumería e Higiene,Cabello,Champús,https://static.carrefour.es/hd_510x_/img_pim_food/504932_00_1.jpg
https://www.carrefour.es/supermercado/cafe-barista-en-capsulas-nescafe-dolce-gusto-16-ud/R-624703889/p,Café barista en cápsulas Nescafé Dolce Gusto 16 ud.,"4,79 €",,"46,06 €/kg",,La Despensa,Desayuno,Cafés,https://static.carrefour.es/hd_510x_/img_pim_food/756025_00_1.jpg
https://www.carrefour.es/supermercado/caldo-de-carne-carrefour-15-pastillas-de-10-g/R-VC4AECOMM-437635/p,Caldo de Carne Carrefour 15 pastillas de 10 g,"1,24 €",,"8,27 €/kg",,La Despensa,"Conservas, Sopas y Precocinados","Caldos, Sopas y Pure",https://static.carrefour.es/hd_510x_/img_pim_food/437635_00_1.jpg
https://www.carrefour.es/supermercado/colutorio-diario-fluor-fluor-aid-500-ml/R-590508788/p,Colutorio diario flúor Fluor-Aid 500 ml.,"7,09 €",,"1,42 €/100ml",,Parafarmacia,Higiene Bucal,Colutorio,https://static.carrefour.es/hd_510x_/img_pim_food/554553_00_1.jpg
https://www.carrefour.es/supermercado/preparado-de-soja-de-arandanos-alpro-sin-gluten-sin-lactosa-400-g/R-VC4AECOMM-014038/p,Preparado de soja de arándanos Alpro sin gluten sin lactosa 400 g.,"2,29 €",,"5,72 €/kg",,La Despensa,Yogures y Postres,Vegetal,https://static.carrefour.es/hd_510x_/img_pim_food/014038_00_1.jpg
https://www.carrefour.es/supermercado/servilletas-2-capas-de-celulosa-100-ud-carrefour-home-blanca-decoradas/R-609801086/p,Servilletas 2 Capas de Celulosa 100 ud CARREFOUR HOME - Blanca Decoradas,"2,19 €",,"0,02 €/ud",,Limpieza y Hogar,Papel y Celulosa,Servilletas,https://static.carrefour.es/hd_510x_/img_pim_food/351138_00_1.jpg
https://www.carrefour.es/supermercado/coca-cola-zero-azucar-sabor-cereza-lata-33-cl/R-855652844/p,Coca Cola zero azúcar sabor cereza lata 33 cl.,"0,97 €",,"2,94 €/l",,Bebidas,Refrescos,Colas,https://static.carrefour.es/hd_510x_/img_pim_food/967555_00_1.jpg
https://www.carrefour.es/supermercado/desodorante-roll-on-0-aluminio-eucerin-50-ml/R-prod780590/p,Desodorante roll-on 0% aluminio Eucerin 50 ml.,"8,09 €",,"16,18 €/100ml",,Parafarmacia,Cuidado corporal,Desodorantes,https://static.carrefour.es/hd_510x_/img_pim_food/989399_00_1.jpg
https://www.carrefour.es/supermercado/quinoa-blanca-la-cochura-500-g/R-VC4AECOMM-477808/p,Quinoa blanca La Cochura 500 g.,"3,21 €",,"6,42 €/kg",,La Despensa,Alimentación,Semillas,https://static.carrefour.es/hd_510x_/img_pim_food/477808_00_1.jpg
https://www.carrefour.es/supermercado/barrita-pistacho-25-proteina-sin-azucar-emco-sin-gluten-35-g/R-VC4AECOMM-220469/p,Barrita pistacho 25% proteína sin azúcar Emco sin gluten 35 g.,"1,99 €",,"56,86 €/kg",,La Despensa,Desayuno,Barritas,https://static.carrefour.es/hd_510x_/img_pim_food/220469_00_1.jpg
https://www.carrefour.es/supermercado/serum-facial-clearing-salicylic-a-salicilico-zinc-dermocracy-30-ml/R-VC4AECOMM-365426/p,Serum facial clearing salicylic + A. salicílico + zinc Dermocracy 30 ml.,"15,29 €",,"50,97 €/100ml",,Parafarmacia,Cuidado e higiene facial,Cuidado Acné,https://static.carrefour.es/hd_510x_/img_pim_food/365426_00_1.jpg
https://www.carrefour.es/supermercado/patatas-fritas-extracrujientes-seleccion-carrefour-180-g/R-VC4AECOMM-502315/p,Patatas fritas extracrujientes Selección Carrefour 180 g.,"1,50 €",,"8,33 €/kg",,La Despensa,Aperitivos,Patatas Fritas,https://static.carrefour.es/hd_510x_/img_pim_food/502315_00_1.jpg
https://www.carrefour.es/supermercado/ron-flor-de-cana-gran-reserva-7-anos-70-cl/R-546003607/p,Ron Flor de Caña gran reserva 7 años 70 cl.,"24,50 €",,"35,00 €/l",,,,,https://static.carrefour.es/hd_510x_/img_pim_food/138983_00_1.jpg
https://www.carrefour.es/supermercado/atun-claro-sin-aceite-al-natural-calvo-pack-de-3-latas-de-56-g/R-530014269/p,Atún claro sin aceite al natural Calvo pack de 3 latas de 56 g.,"3,95 €",,"23,51 €/kg",,La Despensa,"Conservas, Sopas y Precocinados",Conservas de Pescado y Marisco,https://static.carrefour.es/hd_510x_/img_pim_food/002569_00_1.jpg
https://www.carrefour.es/supermercado/mini-bombon-helado-con-chocolate-blanco-y-galleta-collection-magnum-6-ud/R-prod1140006/p,Mini bombón helado con chocolate blanco y galleta Collection Magnum 6 ud.,"5,99 €",,"1,00 €/ud",,Congelados,Helados,Bombón Helado,https://static.carrefour.es/hd_510x_/img_pim_food/194436_00_1.jpg
https://www.carrefour.es/supermercado/mascara-de-pestanas-negra-volumen-lash-sensational-black-maybelline-1-ud/R-793945625/p,Máscara de pestañas negra volumen Lash Sensational Black Maybelline 1 ud.,"11,29 €",,"11,29 €/ud",,Perfumería e Higiene,Cosmética,Ojos,https://static.carrefour.es/hd_510x_/img_pim_food/892586_00_1.jpg
https://www.carrefour.es/supermercado/chorizo-pavo-carrefour-sin-gluten-y-sin-lactosa-2x75-g/R-VC4AECOMM-469100/p,Chorizo pavo Carrefour sin gluten y sin lactosa 2x75 g,"2,55 €",,"17,00 €/kg",,Productos Frescos,Charcutería,"Chorizo, Lomo y Otros",https://static.carrefour.es/hd_510x_/img_pim_food/469100_00_1.jpg
https://www.carrefour.es/supermercado/judias-verdes-finas-cortadas-classic-carrefour-660-g/R-VC4AECOMM-725430/p,Judías verdes finas cortadas Classic Carrefour 660 g.,"1,25 €",,"1,89 €/kg",,La Despensa,"Conservas, Sopas y Precocinados",Conservas de Vegetales,https://static.carrefour.es/hd_510x_/img_pim_food/725430_00_1.jpg
https://www.carrefour.es/supermercado/bebida-de-soja-sabor-chocolate-con-calcio-sensation-carrefour-sin-gluten-brik-1-l/R-823818539/p,Bebida de soja sabor chocolate con calcio Sensation Carrefour sin gluten brik 1 l.,"1,20 €",,"1,20 €/l",,La Despensa,Lácteos,Bebida Vegetal,https://static.carrefour.es/hd_510x_/img_pim_food/955593_00_1.jpg
https://www.carrefour.es/supermercado/bebida-de-avena-sin-azucar-anadido-yosoy-barista-brik-1-l/R-VC4AECOMM-624223/p,Bebida de avena sin azúcar añadido YoSoy Barista brik 1 l.,"1,99 €",,"1,99 €/l",,La Despensa,Lácteos,Bebida Vegetal,https://static.carrefour.es/hd_510x_/img_pim_food/624223_00_1.jpg
https://www.carrefour.es/supermercado/galletas-barquette-con-chocolate-ecologicas-carrefour-bio-120-g/R-VC4AECOMM-515486/p,Galletas barquette con chocolate ecológicas Carrefour Bio 120 g.,"2,95 €",,"24,58 €/kg",,La Despensa,Desayuno,Galletas,https://static.carrefour.es/hd_510x_/img_pim_food/515486_00_1.jpg
https://www.carrefour.es/supermercado/recambio-cepillo-antichoque-vileda-3action/R-VC4AECOMM-073557/p,Recambio Cepillo Antichoque VILEDA 3Action,"5,29 €",,"5,29 €/ud",,Limpieza y Hogar,Utensilios de Limpieza,"Escobas, Mopas y Recogedores",https://static.carrefour.es/hd_510x_/img_pim_food/073557_00_1.jpg
https://www.carrefour.es/supermercado/salchichon-iberico-extra-sin-gluten-400-g/R-fprod1460469/p,Salchichón Ibérico Extra sin gluten 400 g,"10,19 €",,"25,48 €/kg",,Productos Frescos,Charcutería,"Salchichón, Salami y Fuet",https://static.carrefour.es/hd_510x_/img_pim_food/402119_00_1.jpg
https://www.carrefour.es/supermercado/tequila-jose-cuervo-especial-silver-70-cl/R-795409641/p,Tequila José Cuervo especial silver 70 cl.,"15,89 €",,"22,70 €/l",,,,,https://static.carrefour.es/hd_510x_/img_pim_food/877844_00_1.jpg
https://www.carrefour.es/supermercado/caramelos-de-goma-sugar-shuffle-fini-180-g/R-819255477/p,Caramelos de goma Sugar Shuffle Fini 180 g.,"2,25 €",,"13,64 €/kg",,La Despensa,Dulce,Dulces y Golosinas,https://static.carrefour.es/hd_510x_/img_pim_food/392933_00_1.jpg
https://www.carrefour.es/supermercado/corteza-de-jamon-natural-110-g/R-653301815/p,Corteza de jamón natural 110 g,"3,25 €",,"29,55 €/kg",,La Despensa,Aperitivos,Torreznos y Cortezas,https://static.carrefour.es/hd_510x_/img_pim_food/178460_00_1.jpg
https://www.carrefour.es/supermercado/pincho-de-huevo-con-bacon-y-patata-la-cocina-de-senen-sin-gluten-120-g/R-VC4AECOMM-080165/p,Pincho de huevo con bacon y patata La Cocina de Senén sin gluten 120 g.,"10,29 €",,"85,75 €/kg",,Congelados,Rebozados y Platos Preparados,,https://static.carrefour.es/hd_510x_/img_pim_food/080165_00_1.jpg
https://www.carrefour.es/supermercado/tarrito-de-espagueti-bolonesa-desde-8-meses-ecologico-carrefour-baby-bio-200-g/R-VC4AECOMM-433066/p,Tarrito de espagueti boloñesa desde 8 meses ecológico Carrefour Baby Bio 200 g,"1,42 €",,"7,10 €/kg",,Bebé,Alimentación infantil,Tarritos y Platos Preparados,https://static.carrefour.es/hd_510x_/img_pim_food/433066_00_1.jpg
https://www.carrefour.es/supermercado/pizza-barbacoa-pizza-salsa-campofrio-410-g/R-521030202/p,Pizza barbacoa Pizza & Salsa Campofrío 410 g.,"2,95 €",,"7,20 €/kg",,La Despensa,"Conservas, Sopas y Precocinados",Pizzas,https://static.carrefour.es/hd_510x_/img_pim_food/610703_00_1.jpg
https://www.carrefour.es/supermercado/galletas-con-naranja-recubiertas-con-chocolate-pims-fontaneda-150-g/R-521002901/p,Galletas con naranja recubiertas con chocolate Pim´s Fontaneda 150 g.,"3,25 €",,"21,67 €/kg",,La Despensa,Desayuno,Galletas,https://static.carrefour.es/hd_510x_/img_pim_food/001678_00_1.jpg
https://www.carrefour.es/supermercado/desodorante-body-spray-musk-proteccion-48h-perfume-ambarino-carrefour-men-150-ml/R-VC4AECOMM-658688/p,Desodorante body spray musk protección 48h perfume ambarino Carrefour Men 150 ml.,"1,27 €",,"0,85 €/100ml",,Perfumería e Higiene,Baño e Higiene Corporal,Desodorantes,https://static.carrefour.es/hd_510x_/img_pim_food/658688_00_1.jpg
https://www.carrefour.es/supermercado/filete-de-merluza-argentina-sin-piel-900-g/R-VC4AECOMM-495135/p,Filete de merluza argentina sin piel 900 g,"9,20 €",,"10,22 €/kg",,Congelados,Pescados Congelados,,https://static.carrefour.es/hd_510x_/img_pim_food/495135_00_1.jpg
https://www.carrefour.es/supermercado/preparado-vegano-tipo-pechuga-de-pollo-a-base-de-proteinas-de-soja-y-trigo-garden-gourmet-180-g/R-VC4AECOMM-187320/p,Preparado vegano tipo pechuga de pollo a base de proteínas de soja y trigo Garden Gourmet 180 g.,"4,15 €",,"23,06 €/kg",,La Despensa,"Conservas, Sopas y Precocinados",Platos Preparados,https://static.carrefour.es/hd_510x_/img_pim_food/187320_00_1.jpg
https://www.carrefour.es/supermercado/boligrafo-gel-retractil-g-2-azul/R-606509251/p,Bolígrafo Gel Retractil G-2 Azul,"3,39 €",,"3,39 €/ud",,Limpieza y Hogar,Papelería,Bolígrafos y correctores,https://static.carrefour.es/hd_510x_/img_pim_food/224438_00_1.jpg
https://www.carrefour.es/supermercado/bloc-wc-marino-carrefour-expert-3-ud/R-VC4AECOMM-377957/p,Bloc WC marino Carrefour Expert 3 ud.,"2,19 €",,"18,25 €/kg",,Limpieza y Hogar,Productos para Baño,WC,https://static.carrefour.es/hd_510x_/img_pim_food/377957_00_1.jpg
https://www.carrefour.es/supermercado/miel-de-azahar-carrefour-classic-500-g/R-VC4AECOMM-420430/p,Miel de azahar Carrefour Classic' 500 g.,"3,85 €",,"7,70 €/kg",,La Despensa,Dulce,Miel,https://static.carrefour.es/hd_510x_/img_pim_food/420430_00_1.jpg
https://www.carrefour.es/supermercado/cafe-intenso-en-capsulas-marcilla-compatible-con-nespresso-40-unidades-de-52-g/R-prod770238/p,"Café intenso en cápsulas Marcilla compatible con Nespresso 40 unidades de 5,2 g.","12,25 €",,"58,89 €/kg",,La Despensa,Desayuno,Cafés,https://static.carrefour.es/hd_510x_/img_pim_food/863458_00_1.jpg
https://www.carrefour.es/supermercado/batido-de-cacao-shake-nestle-nesquik-sin-gluten-180-ml/R-prod150211/p,Batido de cacao shake Nestlé - Nesquik sin gluten 180 ml.,"1,49 €",,"8,28 €/l",,La Despensa,Lácteos,Listo para beber,https://static.carrefour.es/hd_510x_/img_pim_food/231862_00_1.jpg
https://www.carrefour.es/supermercado/locion-hidratante-rosa-mosqueta-instituto-espanol-950-ml/R-prod1140180/p,Loción hidratante rosa mosqueta Instituto Español 950 ml.,"5,85 €",,"0,62 €/100ml",,Perfumería e Higiene,Cuidado y Protección Corporal,"Body Milk, Hidratación Bajo la Ducha",https://static.carrefour.es/hd_510x_/img_pim_food/197548_00_1.jpg
https://www.carrefour.es/supermercado/leche-infantil-para-lactantes-en-polvo-nestle-nan-expert-pro-sin-lactosa-400-g/R-VC4AECOMM-507924/p,Leche infantil para lactantes en polvo Nestlé Nan Expert Pro sin lactosa 400 g.,"13,89 €",,"34,72 €/kg",,Parafarmacia,Bebé,Leche infantil,https://static.carrefour.es/hd_510x_/img_pim_food/507924_00_1.jpg
https://www.carrefour.es/supermercado/sepia-limpia-congelada-carrefour-350-g/R-VC4AECOMM-445077/p,Sepia limpia congelada Carrefour 350 g,"7,49 €",,"21,40 €/kg",,Congelados,"Pulpo, Calamar y Sepia Congelados",,https://static.carrefour.es/hd_510x_/img_pim_food/445077_00_1.jpg
https://www.carrefour.es/supermercado/pienso-de-salmon-para-perro-adulto-mini-ultima-15-kg/R-prod73184/p,"Pienso de salmón para perro adulto mini Ultima 1,5 kg","9,09 €",,"6,06 €/kg",,Mascotas,Perros,Pienso para perros,https://static.carrefour.es/hd_510x_/img_pim_food/203942_00_1.jpg
https://www.carrefour.es/supermercado/queso-iberico-semicurado-extra-carrefour-cuna-290-g/R-VC4AECOMM-080599/p,Queso ibérico semicurado Extra Carrefour cuña 290 g.,"5,05 €",,"17,41 €/kg",,Productos Frescos,Quesos,Semicurado,https://static.carrefour.es/hd_510x_/img_pim_food/080599_00_1.jpg
https://www.carrefour.es/supermercado/crema-liquida-autobrillante-negro-carrefour-50-ml/R-638501785/p,Crema liquida autobrillante negro Carrefour 50 ml.,"0,95 €",,"19,00 €/l",,Limpieza y Hogar,Calzado,Limpiador Líquido,https://static.carrefour.es/hd_510x_/img_pim_food/360623_00_1.jpg
https://www.carrefour.es/supermercado/churrasco-de-anojo-circulo-de-calidad-500-g-aprox/R-prod1070043/p,Churrasco de añojo Círculo de Calidad 500 g aprox,"7,49 €",,"14,99 €/kg",,Productos Frescos,Carnicería,Vacuno,https://static.carrefour.es/hd_510x_/img_pim_food/126590_00_1.jpg
https://www.carrefour.es/supermercado/ketchup-classic-carrefour-envase-560-g/R-712515965/p,Kétchup Classic Carrefour envase 560 g.,"1,15 €",,"2,05 €/kg",,La Despensa,Alimentación,Salsas y Tomate Frito,https://static.carrefour.es/hd_510x_/img_pim_food/438870_00_1.jpg
https://www.carrefour.es/supermercado/colgador-wc-poder-activo-lavanda-efecto-antical-bref-2-ud/R-VC4AECOMM-060775/p,Colgador WC poder activo lavanda efecto antical Bref 2 ud.,"3,09 €",,"30,90 €/kg",,Limpieza y Hogar,Productos para Baño,WC,https://static.carrefour.es/hd_510x_/img_pim_food/060775_00_1.jpg
https://www.carrefour.es/supermercado/compresas-ultra-finas-con-alas-para-noche-plus-pure-carrefour-soft-10-ud/R-VC4AECOMM-681301/p,Compresas ultra finas con alas para noche plus Pure Carrefour Soft 10 ud.,"2,15 €",,"0,21 €/ud",,Perfumería e Higiene,Higiene íntima,Compresas,https://static.carrefour.es/hd_510x_/img_pim_food/681301_00_1.jpg
https://www.carrefour.es/supermercado/berenjena-al-estilo-provenzar-exta-carrefour-530-g/R-VC4AECOMM-259200/p,Berenjena al estilo provenzar Exta Carrefour 530 g.,"2,45 €",,"4,62 €/kg",,La Despensa,"Conservas, Sopas y Precocinados",Platos Preparados,https://static.carrefour.es/hd_510x_/img_pim_food/259200_00_1.jpg
https://www.carrefour.es/supermercado/escalope-de-pollo-campero-circulo-de-calidad-500-g-aprox/R-prod460403/p,Escalope de pollo campero Círculo de Calidad 500 g aprox,"6,29 €",,"12,59 €/kg",,Productos Frescos,Carnicería,Aves y Pollo,https://static.carrefour.es/hd_510x_/img_pim_food/826984_00_1.jpg
https://www.carrefour.es/supermercado/zumo-indico-100-natural-bifrutas-sin-azucar-anadido-botella-24-cl/R-VC4AECOMM-360142/p,Zumo Índico 100% Natural Bifrutas sin azúcar añadido botella 24 cl.,"0,99 €",,"4,12 €/l",,Bebidas,Aguas y Zumos,Zumos no Refrigerados,https://static.carrefour.es/hd_510x_/img_pim_food/360142_00_1.jpg
https://www.carrefour.es/supermercado/gel-fijador-control-total-giorgi-170-ml/R-VC4AECOMM-723953/p,Gel fijador control total Giorgi 170 ml.,"2,89 €",,"1,70 €/100ml",,Perfumería e Higiene,Cabello,Fijadores,https://static.carrefour.es/hd_510x_/img_pim_food/723953_00_1.jpg
https://www.carrefour.es/supermercado/chocolate-con-leche-extra-cremoso-lindt-excellence-100-g/R-585602947/p,Chocolate con leche extra cremoso Lindt Excellence 100 g.,"3,29 €",,"32,90 €/kg",,La Despensa,Dulce,Bombones y Chocolates,https://static.carrefour.es/hd_510x_/img_pim_food/028983_00_1.jpg
https://www.carrefour.es/supermercado/helado-bites-salted-caramel-haagen-dazs-128-ml/R-VC4AECOMM-337658/p,Helado Bites Salted Caramel Häagen-Dazs 128 ml.,"7,05 €",,"58,75 €/kg",,Congelados,Helados,Bombón Helado,https://static.carrefour.es/hd_510x_/img_pim_food/337658_00_1.jpg
https://www.carrefour.es/supermercado/cola-de-caballo-en-comprimidos-sanon-180-ud/R-595501977/p,Cola de caballo en comprimidos Sanon 180 ud.,"10,35 €",,"11,50 €/100g",,Parafarmacia,Nutrición y Dietética,Tratamientos Naturales,https://static.carrefour.es/hd_510x_/img_pim_food/351207_00_1.jpg
https://www.carrefour.es/supermercado/compresas-noche-con-alas-cottonlike-evax-11-ud/R-VC4AECOMM-472953/p,Compresas noche con alas Cottonlike Evax 11 ud.,"3,45 €",,"0,31 €/ud",,Perfumería e Higiene,Higiene íntima,Compresas,https://static.carrefour.es/hd_510x_/img_pim_food/472953_00_1.jpg
https://www.carrefour.es/supermercado/crema-facial-rellenador-de-arrugas-hyaluron-filler-para-la-noche-eucerin-50-ml/R-590510202/p,Crema facial rellenador de arrugas Hyaluron Filler para la noche Eucerin 50 ml.,"36,30 €",,"72,60 €/100ml",,Parafarmacia,Cuidado e higiene facial,Cremas faciales,https://static.carrefour.es/hd_510x_/img_pim_food/675286_00_1.jpg
https://www.carrefour.es/supermercado/pan-de-bocadillo-pannier-carrefour-3-ud/R-VC4AECOMM-455697/p,Pan de bocadillo pannier Carrefour 3 ud,"2,05 €",,"0,68 €/ud",,Productos Frescos,Panadería Tradicional,Pan Tradicional,https://static.carrefour.es/hd_510x_/img_pim_food/455697_00_1.jpg
https://www.carrefour.es/supermercado/alicate-unas-manicura-carrefour-soft-1-ud/R-VC4AECOMM-076044/p,Alicate uñas manicura Carrefour Soft 1 ud.,"4,65 €",,"4,65 €/ud",,Perfumería e Higiene,Cosmética,Accesorios de Maquillaje y Manicura y Pedicura,https://static.carrefour.es/hd_510x_/img_pim_food/076044_00_1.jpg
https://www.carrefour.es/supermercado/filetes-de-melva-en-aceite-de-girasol-ubago-85-g/R-521006272/p,Filetes de melva en aceite de girasol Ubago 85 g.,"2,85 €",,"33,53 €/kg",,La Despensa,"Conservas, Sopas y Precocinados",Conservas de Pescado y Marisco,https://static.carrefour.es/hd_510x_/img_pim_food/002576_00_1.jpg
https://www.carrefour.es/supermercado/palomitas-dulces-para-microondas-popitas-sin-gluten-pack-de-3-unidades-de-100-g/R-VC4AECOMM-450915/p,Palomitas dulces para microondas Popitas sin gluten pack de 3 unidades de 100 g.,"2,89 €",,"9,63 €/kg",,La Despensa,Aperitivos,Palomitas,https://static.carrefour.es/hd_510x_/img_pim_food/450915_00_1.jpg
https://www.carrefour.es/supermercado/guisantes-extra-finos-ecologico-carrefour-bio-230-g/R-522714192/p,Guisantes extra finos ecológico Carrefour Bio 230 g.,"2,35 €",,"10,22 €/kg",,La Despensa,"Conservas, Sopas y Precocinados",Conservas de Vegetales,https://static.carrefour.es/hd_510x_/img_pim_food/509307_00_1.jpg
https://www.carrefour.es/supermercado/protector-absorbente-sabanindas-extra-60x60cm-20-ud/R-590507742/p,Protector Absorbente Sabanindas Extra 60x60cm 20 ud.,"11,89 €",,"0,59 €/ud",,Bebé,Puericultura,"Baberos, Protegecamas y bolsas para pañales",https://static.carrefour.es/hd_510x_/img_pim_food/542010_00_1.jpg
https://www.carrefour.es/supermercado/vino-tinto-crianza-tempranillo-tinta-fina-abadia-de-san-quirce-do-ribera-del-duero-75-cl/R-673901667/p,Abadia De San Quirce Tinta Del País Tinto Crianza 2019,"21,60 €",,"21,60 €/ud",,Bebidas,Vinos,Tinto,https://static.carrefour.es/hd_510x_/img_pim_food/011166_00_1.jpg
https://www.carrefour.es/supermercado/preparado-para-pastel-de-chocolate-milka-royal-350-g/R-663701883/p,Preparado para pastel de chocolate Milka Royal 350 g.,"5,09 €",,"14,54 €/kg",,La Despensa,Dulce,Repostería,https://static.carrefour.es/hd_510x_/img_pim_food/316076_00_1.jpg
https://www.carrefour.es/supermercado/toallitas-babe-carrefour-clean-fresh-x24-uds/R-716511024/p,Toallitas Babé Carrefour Clean & Fresh x24 Uds,"0,75 €",,"0,03 €/ud",,Bebé,Pañales y Toallitas,Toallitas,https://static.carrefour.es/hd_510x_/img_pim_food/425767_00_1.jpg
https://www.carrefour.es/supermercado/braguita-boxer-menstrual-flujo-abundante-talla-44-46-protect-dim-1-ud/R-VC4AECOMM-365844/p,Braguita bóxer menstrual flujo abundante talla 44-46 Protect Dim 1 ud.,"19,89 €",,"19,89 €/ud",,Perfumería e Higiene,Higiene íntima,Compresas,https://static.carrefour.es/hd_510x_/img_pim_food/365844_00_1.jpg
https://www.carrefour.es/supermercado/especialidad-vegana-en-lonchas-sabor-original-nurishh-sin-gluten-y-sin-lactosa-160-g/R-VC4AECOMM-645009/p,Especialidad vegana en lonchas sabor original Nurishh sin gluten y sin lactosa 160 g.,"3,45 €",,"21,56 €/kg",,Productos Frescos,Quesos,Todos los Quesos,https://static.carrefour.es/hd_510x_/img_pim_food/645009_00_1.jpg
https://www.carrefour.es/supermercado/guisantes-finos-findus-1-kg/R-712515237/p,Guisantes finos Findus 1 kg.,"4,75 €",,"4,75 €/kg",,Congelados,Verduras Congeladas,,https://static.carrefour.es/hd_510x_/img_pim_food/435057_00_1.jpg
https://www.carrefour.es/supermercado/papel-cocmaxiroll-crf-6-rollo/R-521001414/p,PAPEL COC.MAXIROLL CRF 6 ROLLO,"4,65 €",,"0,77 €/ud",,Limpieza y Hogar,Papel y Celulosa,Papel Cocina y Multiusos,https://static.carrefour.es/hd_510x_/img_pim_food/799072_00_1.jpg
https://www.carrefour.es/supermercado/salchichon-extra-boadas-1880-al-corte-sin-gluten-90-g/R-VC4AECOMM-080884/p,Salchichón extra Boadas 1880 al corte sin gluten 90 g,"2,99 €",,"33,22 €/kg",,Productos Frescos,Charcutería,"Salchichón, Salami y Fuet",https://static.carrefour.es/hd_510x_/img_pim_food/080884_00_1.jpg
https://www.carrefour.es/supermercado/gel-de-ducha-aloe-vera-carrefour-soft-15-l/R-VC4AECOMM-152035/p,"Gel de ducha aloe vera Carrefour Soft 1,5 l.","2,69 €",,"0,18 €/100ml",,Perfumería e Higiene,Baño e Higiene Corporal,Geles de Baño,https://static.carrefour.es/hd_510x_/img_pim_food/152035_00_1.jpg
https://www.carrefour.es/supermercado/tomate-frito-con-aceite-de-oliva-virgen-extra-carrefour-pack-de-3-briks-de-215-g/R-prod730719/p,Tomate frito con aceite de oliva virgen extra Carrefour pack de 3 briks de 215 g.,"1,43 €",,"2,22 €/kg",,La Despensa,Alimentación,Salsas y Tomate Frito,https://static.carrefour.es/hd_510x_/img_pim_food/854879_00_1.jpg
https://www.carrefour.es/supermercado/natillas-de-chocolate-altas-en-proteinas-danone-sin-gluten-pack-de-4-unidades-de-120-g/R-VC4AECOMM-328419/p,Natillas de chocolate altas en proteínas Danone sin gluten pack de 4 unidades de 120 g.,"2,49 €",,"5,19 €/kg",,La Despensa,Yogures y Postres,"Natillas, Cremas y Copas",https://static.carrefour.es/hd_510x_/img_pim_food/328419_00_1.jpg
https://www.carrefour.es/supermercado/desodorante-en-spray-black-axe-pack-de-2-unidades-de-150-ml/R-VC4AECOMM-672876/p,Desodorante en spray Black Axe pack de 2 unidades de 150 ml.,"5,40 €",,"1,80 €/100ml",,Perfumería e Higiene,Baño e Higiene Corporal,Desodorantes,https://static.carrefour.es/hd_510x_/img_pim_food/672876_00_1.jpg
https://www.carrefour.es/supermercado/desodorante-en-spray-choco-wild-amalfi-men-150-ml/R-684904807/p,Desodorante en spray Choco Wild Amalfi Men 150 ml.,"1,48 €",,"0,99 €/100ml",,Perfumería e Higiene,Baño e Higiene Corporal,Desodorantes,https://static.carrefour.es/hd_510x_/img_pim_food/324896_00_1.jpg
https://www.carrefour.es/supermercado/hamburguesa-de-vacuno-black-angus-y-cerdo-iberico-noel-180-g/R-VC4AECOMM-530680/p,Hamburguesa de Vacuno Black Angus y Cerdo Ibérico Noel 180 g,"2,49 €",,"13,83 €/kg",,Productos Frescos,Carnicería,Hamburguesas,https://static.carrefour.es/hd_510x_/img_pim_food/530680_00_1.jpg
https://www.carrefour.es/supermercado/preservativos-invisibles-extra-lubricado-super-finos-para-maximizar-la-sensibilidad-durex-12-ud/R-VC4AECOMM-487574/p,Preservativos invisibles extra lubricado super finos para maximizar la sensibilidad Durex 12 ud.,"15,09 €",,"1,26 €/ud",,Perfumería e Higiene,Bienestar Sexual,Preservativos,https://static.carrefour.es/hd_510x_/img_pim_food/487574_00_1.jpg
https://www.carrefour.es/supermercado/tortitas-de-maiz-con-tomate-y-aceite-de-oliva-bicentury-124-g/R-754706072/p,Tortitas de maíz con tomate y aceite de oliva Bicentury 124 g.,"2,35 €",,"18,95 €/kg",,La Despensa,Aperitivos,Tortitas,https://static.carrefour.es/hd_510x_/img_pim_food/763746_00_1.jpg
https://www.carrefour.es/supermercado/crema-restauradora-panthenol-comfort-para-piel-con-tendencia-atopica-mixa-400-ml/R-VC4AECOMM-365412/p,Crema restauradora panthenol comfort para piel con tendencia atópica Mixa 400 ml.,"7,99 €",,"2,00 €/100ml",,Perfumería e Higiene,Cuidado y Protección Corporal,"Body Milk, Hidratación Bajo la Ducha",https://static.carrefour.es/hd_510x_/img_pim_food/365412_00_1.jpg
https://www.carrefour.es/supermercado/aceite-de-oliva-virgen-extra-de-nuestra-tierra-25-l/R-870200596/p,"Aceite de oliva virgen extra De Nuestra Tierra 2,5 l.","30,80 €",,"12,32 €/l",,La Despensa,Alimentación,Aceites y vinagres,https://static.carrefour.es/hd_510x_/img_pim_food/178237_00_1.jpg
https://www.carrefour.es/supermercado/yogur-natural-ecologico-margui-150-g/R-prod810855/p,Yogur natural ecológico Margui 150 g.,"0,64 €",,"4,27 €/kg",,La Despensa,Yogures y Postres,Yogur Natural y Sabores,https://static.carrefour.es/hd_510x_/img_pim_food/248909_00_1.jpg
https://www.carrefour.es/supermercado/limpiahogar-multisuperficies-flores-de-amapola-carrefour-15-l/R-VC4AECOMM-477325/p,"Limpiahogar multisuperficies flores de amapola Carrefour 1,5 l.","1,86 €",,"1,24 €/l",,Limpieza y Hogar,Productos para toda la casa,Suelos,https://static.carrefour.es/hd_510x_/img_pim_food/477325_00_1.jpg
https://www.carrefour.es/supermercado/gyozas-de-carne-vici-400-g/R-VC4AECOMM-695665/p,Gyozas de carne Vici 400 g.,"4,29 €",,"10,72 €/kg",,Congelados,Rebozados y Platos Preparados,,https://static.carrefour.es/hd_510x_/img_pim_food/695665_00_1.jpg
https://www.carrefour.es/supermercado/pasta-canelones-carrefour-classic-250-g/R-VC4AECOMM-424026/p,Pasta canelones Carrefour Classic 250 g.,"1,23 €",,"4,92 €/kg",,La Despensa,Alimentación,Pastas,https://static.carrefour.es/hd_510x_/img_pim_food/424026_00_1.jpg
https://www.carrefour.es/supermercado/yogur-desnatado-aromatizado-con-sabor-a-fresa-danone-pack-de-4-unidades-de-120-g/R-VC4AECOMM-384279/p,Yogur desnatado aromatizado con sabor a fresa Danone pack de 4 unidades de 120 g.,"1,29 €",,"2,69 €/kg",,La Despensa,Yogures y Postres,Yogures Desnatados,https://static.carrefour.es/hd_510x_/img_pim_food/384279_00_1.jpg
https://www.carrefour.es/supermercado/agua-de-colonia-si-quiero-aire-de-sevilla-150-ml/R-fprod1270187/p,Agua de colonia Si Quiero Aire de Sevilla 150 ml.,"12,89 €",,"8,59 €/100ml",,Perfumería e Higiene,Baño e Higiene Corporal,Colonias,https://static.carrefour.es/hd_510x_/img_pim_food/325861_00_1.jpg
https://www.carrefour.es/supermercado/papilla-infantil-desde-5-meses-8-cereales-y-platano-blevit-sin-azucar-anadido-250-g/R-VC4AECOMM-324645/p,Papilla infantil desde 5 meses 8 cereales y plátano Blevit sin azúcar añadido 250 g.,"6,69 €",,"26,76 €/kg",,Parafarmacia,Bebé,Papillas y Galletas,https://static.carrefour.es/hd_510x_/img_pim_food/324645_00_1.jpg
https://www.carrefour.es/supermercado/trozos-de-poton-en-salsa-americana-classic-carrefour-sin-gluten-pack-de-3-unidades-de-60-g/R-prod870555/p,Trozos de potón en salsa americana Classic Carrefour sin gluten pack de 3 unidades de 60 g.,"2,05 €",,"11,39 €/kg",,La Despensa,"Conservas, Sopas y Precocinados",Conservas de Pescado y Marisco,https://static.carrefour.es/hd_510x_/img_pim_food/010328_00_1.jpg
https://www.carrefour.es/supermercado/ensalada-cocktail-de-gambas-carrefour-bon-appetit-225-g/R-VC4AECOMM-218403/p,Ensalada cocktail de gambas Carrefour Bon Appétit 225 g,"3,76 €",,"16,71 €/kg",,Productos Frescos,Verduras y hortalizas,Ensaladas y Verduras Preparadas,https://static.carrefour.es/hd_510x_/img_pim_food/218403_00_1.jpg
https://www.carrefour.es/supermercado/limpiador-multisuperficies-desinfectante-sin-lejia-sanicentro-750-ml/R-prod250290/p,Limpiador multisuperficies desinfectante sin lejía Sanicentro 750 ml.,"2,59 €",,"3,45 €/l",,Limpieza y Hogar,Productos para toda la casa,Limpiacristales y Multiusos,https://static.carrefour.es/hd_510x_/img_pim_food/766276_00_1.jpg
https://www.carrefour.es/supermercado/baguette-schar-sin-gluten-y-sin-lactosa-350-g/R-651303637/p,Baguette Schär sin gluten y sin lactosa 350 g.,"3,85 €",,"11,00 €/kg",,La Despensa,"Panaderia, Bollería y Pastelería",Especialidades de pan,https://static.carrefour.es/hd_510x_/img_pim_food/815245_00_1.jpg
https://www.carrefour.es/supermercado/judia-verde-plana-ecologica-carrefour-bio-250-g/R-prod393094/p,Judía verde plana ecológica Carrefour Bio 250 g,"2,85 €",,"11,40 €/kg",,Productos Frescos,Verduras y hortalizas,Hortalizas,https://static.carrefour.es/hd_510x_/img_pim_food/476582_00_1.jpg
https://www.carrefour.es/supermercado/champagne-moet-chandon-imperial-brut-75-cl/R-521028325/p,Möet & Chandon Brut Impérial Champagne,"44,95 €",,"44,95 €/ud",,Bebidas,Cava y champagne,Champagne,https://static.carrefour.es/hd_510x_/img_pim_food/000271_00_1.jpg
https://www.carrefour.es/supermercado/fideos-orientales-yatekomo-yakisoba-classic-pack-2-unidades-de-93-g/R-prod290665/p,Fideos orientales Yatekomo Yakisoba classic pack 2 unidades de 93 g.,"3,79 €",,"20,38 €/kg",,La Despensa,"Conservas, Sopas y Precocinados",Platos Preparados,https://static.carrefour.es/hd_510x_/img_pim_food/345540_00_1.jpg
https://www.carrefour.es/supermercado/queso-tierno-en-porciones-mini-babybel-320-g/R-VC4AECOMM-504645/p,Queso tierno en porciones Mini Babybel 320 g,"7,29 €","6,95 €","22,78 €/kg","21,72 €/kg",Productos Frescos,Quesos,Tierno,https://static.carrefour.es/hd_510x_/img_pim_food/504645_00_1.jpg
https://www.carrefour.es/supermercado/vino-tinto-roble-melior-do-ribera-del-duero-75-cl/R-546003585/p,Melior Tinto 2023,"10,79 €",,"10,79 €/ud",,,,,https://static.carrefour.es/hd_510x_/img_pim_food/113916_00_1.jpg
https://www.carrefour.es/supermercado/avellana-cruda-ecologica-carrefour-bio-doy-pack-125-g/R-VC4AECOMM-017449/p,Avellana cruda ecológica Carrefour Bio doy pack 125 g.,"2,35 €",,"18,80 €/kg",,La Despensa,Aperitivos,Frutos Secos,https://static.carrefour.es/hd_510x_/img_pim_food/017449_00_1.jpg
https://www.carrefour.es/supermercado/pure-de-patatas-carrefour-105-g/R-521005879/p,Puré de patatas Carrefour 105 g.,"1,33 €",,"12,67 €/kg",,La Despensa,"Conservas, Sopas y Precocinados","Caldos, Sopas y Pure",https://static.carrefour.es/hd_510x_/img_pim_food/109007_00_1.jpg
https://www.carrefour.es/supermercado/mini-bombon-helado-coffee-magnum-6-ud/R-VC4AECOMM-328735/p,Mini Bombón helado Coffee Magnum 6 ud.,"6,19 €",,"1,03 €/ud",,Congelados,Helados,Bombón Helado,https://static.carrefour.es/hd_510x_/img_pim_food/328735_00_1.jpg
https://www.carrefour.es/supermercado/tarrito-de-verduras-con-merluza-desde-6-meses-be-plus-250-g/R-VC4AECOMM-599235/p,Tarrito de verduras con merluza desde 6 meses Be Plus 250 g.,"0,95 €",,"3,80 €/kg",,Bebé,Alimentación infantil,Tarritos y Platos Preparados,https://static.carrefour.es/hd_510x_/img_pim_food/599235_00_1.jpg
https://www.carrefour.es/supermercado/pan-de-molde-rebanada-estilo-artesano-brioche-sabor-a-mantequilla-bimbo-500-g/R-VC4AECOMM-556161/p,Pan de molde rebanada estilo artesano brioche sabor a mantequilla Bimbo 500 g.,"3,25 €",,"6,50 €/kg",,La Despensa,"Panaderia, Bollería y Pastelería",Pan de Molde,https://static.carrefour.es/hd_510x_/img_pim_food/556161_00_1.jpg
https://www.carrefour.es/supermercado/queso-de-oveja-viejo-graso-flor-de-esgueva-tapas-maestras-ya-cortado-cuna-de-210-g/R-VC4AECOMM-712227/p,Queso de oveja viejo graso Flor de Esgueva tapas maestras ya cortado cuña de 210 g,"7,64 €",,"36,38 €/kg",,Productos Frescos,Quesos,Todos los Quesos,https://static.carrefour.es/hd_510x_/img_pim_food/712227_00_1.jpg
https://www.carrefour.es/supermercado/salchichas-con-jamon-carrefour-200-g/R-654701821/p,Salchichas con jamón Carrefour 200 g.,"0,88 €",,"4,40 €/kg",,Productos Frescos,Charcutería,Salchichas,https://static.carrefour.es/hd_510x_/img_pim_food/232156_00_1.jpg
https://www.carrefour.es/supermercado/almeja-blanca-al-natural-classic-carrefour-63-g/R-VC4AECOMM-165951/p,Almeja blanca al natural Classic Carrefour 63 g.,"2,15 €",,"34,13 €/kg",,La Despensa,"Conservas, Sopas y Precocinados",Conservas de Pescado y Marisco,https://static.carrefour.es/hd_510x_/img_pim_food/165951_00_1.jpg
https://www.carrefour.es/supermercado/recortadora-de-barba-inalambrica-con-tres-peines-intercambiables-king-c-gillette-1-ud/R-VC4AECOMM-567925/p,Recortadora de barba inalámbrica con tres peines intercambiables King C Gillette 1 ud.,"35,20 €",,"35,20 €/ud",,Perfumería e Higiene,Depilación y Afeitado,Afeitado,https://static.carrefour.es/hd_510x_/img_pim_food/567925_00_1.jpg
https://www.carrefour.es/supermercado/pechuga-de-pollo-cryspy-chicken-americana-fripozo-230-g/R-VC4AECOMM-362435/p,Pechuga de pollo Cryspy Chicken Americana Fripozo 230 g.,"3,75 €",,"16,30 €/kg",,Congelados,Rebozados y Platos Preparados,,https://static.carrefour.es/hd_510x_/img_pim_food/362435_00_1.jpg
https://www.carrefour.es/supermercado/hamburguesa-originales-heura-sin-gluten-440-g/R-VC4AECOMM-014716/p,Hamburguesa originales Heura sin gluten 440 g,"8,79 €",,"19,98 €/kg",,La Despensa,"Conservas, Sopas y Precocinados",Platos Preparados,https://static.carrefour.es/hd_510x_/img_pim_food/014716_00_1.jpg
https://www.carrefour.es/supermercado/crema-de-avellanas-13-carrefour-750-g/R-VC4AECOMM-605050/p,Crema de avellanas 13% Carrefour 750 g.,"4,29 €",,"5,72 €/kg",,La Despensa,Dulce,"Cremas de Cacao, Avellana y Cacahuete",https://static.carrefour.es/hd_510x_/img_pim_food/605050_00_1.jpg
https://www.carrefour.es/supermercado/almendra-largueta-piel-tostada-sin-sal-carrefour-el-mercado-tarrina-de-225-g/R-prod1070727/p,Almendra largueta piel tostada sin sal Carrefour El Mercado tarrina de 225 g,"5,09 €",,"22,62 €/kg",,La Despensa,Aperitivos,Frutos Secos,https://static.carrefour.es/hd_510x_/img_pim_food/142154_00_1.jpg
https://www.carrefour.es/supermercado/arroz-para-risotto-sos-500-g/R-VC4AECOMM-420225/p,Arroz para risotto Sos 500 g.,"1,26 €",,"2,52 €/kg",,La Despensa,Alimentación,Arroz y Cous Cous,https://static.carrefour.es/hd_510x_/img_pim_food/420225_00_1.jpg
https://www.carrefour.es/supermercado/bollitos-pasquier-8-ud/R-682701956/p,Bollitos Pasquier 8 ud.,"3,09 €",,"9,66 €/kg",,La Despensa,"Panaderia, Bollería y Pastelería",Bollería,https://static.carrefour.es/hd_510x_/img_pim_food/069316_00_1.jpg
https://www.carrefour.es/supermercado/pantera-rosa-bimbo-3-ud/R-750302801/p,Pantera Rosa Bimbo 3 ud.,"2,45 €",,"14,85 €/kg",,La Despensa,"Panaderia, Bollería y Pastelería",Pastelería,https://static.carrefour.es/hd_510x_/img_pim_food/759400_00_1.jpg
https://www.carrefour.es/supermercado/dulce-de-membrillo-classic-carrefour-230-g/R-VC4AECOMM-164683/p,Dulce de membrillo Classic´ Carrefour 230 g.,"2,29 €",,"9,96 €/kg",,La Despensa,Dulce,"Mermeladas, Membrillos y Compotas",https://static.carrefour.es/hd_510x_/img_pim_food/164683_00_1.jpg
https://www.carrefour.es/supermercado/cerveza-alhambra-reserva-1925-pack-de-6-botellas-de-33-cl/R-526715428/p,Cerveza Alhambra Reserva 1925 pack de 6 botellas de 33 cl.,"7,89 €",,"3,98 €/l",,Bebidas,Cerveza,Todas las Cervezas,https://static.carrefour.es/hd_510x_/img_pim_food/272331_00_1.jpg
https://www.carrefour.es/supermercado/crema-en-gel-hydro-boost-neutrogena-50-ml/R-prod520041/p,Crema en gel Hydro Boost Neutrogena 50 ml.,"21,70 €",,"21,70 €/ud",,Parafarmacia,Cuidado e higiene facial,Cremas faciales,https://static.carrefour.es/hd_510x_/img_pim_food/832817_00_1.jpg
https://www.carrefour.es/supermercado/preparado-lacteo-infantil-de-crecimiento-desde-12-meses-en-polvo-almiron-advance-3-sin-aceite-de-palma-lata-800-g/R-712703615/p,Preparado lácteo infantil de crecimiento desde 12 meses en polvo Almirón Advance 3 sin aceite de palma lata 800 g.,"19,85 €",,"24,81 €/kg",,Parafarmacia,Bebé,Leche infantil,https://static.carrefour.es/hd_510x_/img_pim_food/439213_00_1.jpg
https://www.carrefour.es/supermercado/funda-de-escoba-de-interior-de-microfibra-rozenbal-azul/R-830003835/p,Funda de Escoba de Interior de Microfibra ROZENBAL - Azul,"3,05 €",,"3,05 €/ud",,Limpieza y Hogar,Utensilios de Limpieza,Otros útiles,https://static.carrefour.es/hd_510x_/img_pim_food/716568_00_1.jpg
https://www.carrefour.es/supermercado/spray-bucal-pierrot-10-ml/R-prod351698/p,Spray bucal Pierrot 10 ml.,"2,29 €",,"22,90 €/100ml",,Perfumería e Higiene,Boca y Sonrisa,Enjuagues Bucales,https://static.carrefour.es/hd_510x_/img_pim_food/414513_00_1.jpg
https://www.carrefour.es/supermercado/secreto-cerdo-iberico-carrefour-330-g-aprox/R-VC4AECOMM-517429/p,Secreto cerdo ibérico Carrefour 330 g aprox,"7,82 €",,"23,70 €/kg",,Productos Frescos,Carnicería,Cerdo,https://static.carrefour.es/hd_510x_/img_pim_food/517429_00_1.jpg
https://www.carrefour.es/supermercado/caldo-de-pollo-carrefour-sin-gluten-brik-1-l/R-521005786/p,Caldo de pollo Carrefour sin gluten brik 1 l.,"0,75 €",,"0,75 €/l",,La Despensa,"Conservas, Sopas y Precocinados","Caldos, Sopas y Pure",https://static.carrefour.es/hd_510x_/img_pim_food/691775_00_1.jpg
https://www.carrefour.es/supermercado/fanta-de-limon-pack-2-botellas-2-l/R-520660582/p,Fanta de limón pack 2 botellas 2 l.,"3,39 €",,"0,85 €/l",,Bebidas,Refrescos,Sabores con Gas,https://static.carrefour.es/hd_510x_/img_pim_food/392863_00_1.jpg
https://www.carrefour.es/supermercado/filetes-de-anchoa-del-cantabrico-en-aceite-de-oliva-de-nuestra-tierra-60-g/R-prod730562/p,Filetes de anchoa del Cantábrico en aceite de oliva De Nuestra Tierra 60 g.,"10,45 €",,"174,17 €/kg",,La Despensa,"Conservas, Sopas y Precocinados",Conservas de Pescado y Marisco,https://static.carrefour.es/hd_510x_/img_pim_food/854255_00_1.jpg
https://www.carrefour.es/supermercado/atun-al-natural-carrefour-pack-de-3-latas-de-56-g/R-prod780358/p,Atún al natural Carrefour pack de 3 latas de 56 g.,"3,15 €",,"18,75 €/kg",,La Despensa,"Conservas, Sopas y Precocinados",Conservas de Pescado y Marisco,https://static.carrefour.es/hd_510x_/img_pim_food/897602_00_1.jpg
https://www.carrefour.es/supermercado/ambientador-mini-perfumado-humydry-75-g/R-521002174/p,Ambientador mini perfumado Humydry 75 g.,"2,29 €",,"30,53 €/kg",,Limpieza y Hogar,Ambientadores,Antihumedad,https://static.carrefour.es/hd_510x_/img_pim_food/012910_00_1.jpg
https://www.carrefour.es/supermercado/cereales-de-arroz-y-trigo-integral-con-frutas-rojas-special-k-kelloggs-300-g/R-521003307/p,Cereales de arroz y trigo integral con frutas rojas Special K Kellogg's 300 g.,"4,69 €",,"15,63 €/kg",,La Despensa,Desayuno,Cereales,https://static.carrefour.es/hd_510x_/img_pim_food/498789_00_1.jpg
https://www.carrefour.es/supermercado/chocolate-negro-con-aceite-esencial-de-limon-y-pepitas-de-jengibre-confitadas-ecologico-carrefour-bio-100-g/R-VC4AECOMM-035171/p,Chocolate negro con aceite esencial de limón y pepitas de jengibre confitadas ecológico Carrefour Bio 100 g.,"2,25 €",,"22,50 €/kg",,La Despensa,Dulce,Bombones y Chocolates,https://static.carrefour.es/hd_510x_/img_pim_food/035171_00_1.jpg
https://www.carrefour.es/supermercado/coloracion-permanente-n-70-rubio-garnier-color-sensation-1-ud/R-716511088/p,Coloración Permanente nº 7.0 Rubio Garnier Color Sensation 1 ud.,"3,49 €",,"3,49 €/ud",,Perfumería e Higiene,Cabello,Tinte,https://static.carrefour.es/hd_510x_/img_pim_food/433923_00_1.jpg
https://www.carrefour.es/supermercado/mini-bombon-helado-intense-dark-70-cacao-collection-magnum-6-ud/R-prod64175/p,Mini bombón helado Intense Dark 70% cacao Collection Magnum 6 ud.,"6,05 €",,"1,01 €/ud",,Congelados,Helados,Bombón Helado,https://static.carrefour.es/hd_510x_/img_pim_food/192987_00_1.jpg
https://www.carrefour.es/supermercado/chicles-sabor-hierbabuena-oral-b-trident-pack-de-3-unidades-de-17-g/R-VC4AECOMM-450762/p,"Chicles sabor hierbabuena Oral-B Trident pack de 3 unidades de 17 g,","3,35 €",,"65,69 €/kg",,La Despensa,Dulce,Dulces y Golosinas,https://static.carrefour.es/hd_510x_/img_pim_food/450762_00_1.jpg
https://www.carrefour.es/supermercado/nachos-sabor-chilli-doritos-140-g/R-VC4AECOMM-627397/p,Nachos sabor chilli Doritos 140 g.,"1,79 €",,"12,79 €/kg",,La Despensa,Aperitivos,Snacks,https://static.carrefour.es/hd_510x_/img_pim_food/627397_00_1.jpg
https://www.carrefour.es/supermercado/mermelada-de-albaricoque-ecologica-carrefour-bio-350-g/R-fprod1270205/p,Mermelada de albaricoque ecológica Carrefour Bio 350 g.,"3,69 €",,"10,54 €/kg",,,,,https://static.carrefour.es/hd_510x_/img_pim_food/325849_00_1.jpg
https://www.carrefour.es/supermercado/leche-fermentada-desnatada-con-arandano-frambuesa-y-mora-danone-265-ml/R-VC4AECOMM-384248/p,"Leche fermentada desnatada con arándano, frambuesa y mora Danone 265 ml.","1,69 €",,"6,26 €/kg",,La Despensa,Yogures y Postres,Yogures Desnatados,https://static.carrefour.es/hd_510x_/img_pim_food/384248_00_1.jpg
https://www.carrefour.es/supermercado/yogur-desnatado-con-mango-danone-proteina-sin-gluten-y-sin-azucar-anadida-pack-de-4-unidades-de-105-g/R-VC4AECOMM-328435/p,Yogur desnatado con mango Danone +Proteína sin gluten y sin azúcar añadida pack de 4 unidades de 105 g.,"1,99 €",,"4,74 €/kg",,La Despensa,Yogures y Postres,Proteína,https://static.carrefour.es/hd_510x_/img_pim_food/328435_00_1.jpg
https://www.carrefour.es/supermercado/gel-reparador-vaseline-100-ml/R-VC4AECOMM-441038/p,Gel reparador Vaseline 100 ml.,"2,99 €",,"2,99 €/100ml",,Perfumería e Higiene,Boca y Sonrisa,Protector labial,https://static.carrefour.es/hd_510x_/img_pim_food/441038_00_1.jpg
https://www.carrefour.es/supermercado/papel-higienico-confort-fresh-carrefour-12-rollos/R-687013376/p,Papel higiénico Confort Fresh Carrefour 12 rollos.,"3,75 €",,"0,31 €/ud",,Limpieza y Hogar,Papel y Celulosa,Papel Higiénico,https://static.carrefour.es/hd_510x_/img_pim_food/078128_00_1.jpg
https://www.carrefour.es/supermercado/fideos-de-chocolate-vahine-71-g/R-VC4AECOMM-503000/p,Fideos de chocolate Vahiné 71 g.,"2,45 €",,"34,51 €/kg",,,,,https://static.carrefour.es/hd_510x_/img_pim_food/503000_00_1.jpg
https://www.carrefour.es/supermercado/burguer-brioche-lord-dani-selection-2-ud/R-VC4AECOMM-306320/p,Burguer brioche Lord Dani Selection 2 ud.,"1,99 €",,"15,31 €/kg",,Productos Frescos,Panadería Tradicional,Pan Tradicional,https://static.carrefour.es/hd_510x_/img_pim_food/306320_00_1.jpg
https://www.carrefour.es/supermercado/zumo-de-fresa-sunny-delight-botella-125-l/R-715627952/p,"Zumo de fresa Sunny Delight botella 1,25 l.","1,95 €",,"1,56 €/l",,Bebidas,Aguas y Zumos,Zumos Refrigerados,https://static.carrefour.es/hd_510x_/img_pim_food/489321_00_1.jpg
https://www.carrefour.es/supermercado/aceite-de-oliva-virgen-extra-capricho-andaluz-pack-de-10-porciones-de-10-ml/R-729511478/p,Aceite de oliva virgen extra Capricho Andaluz pack de 10 porciones de 10 ml.,"2,91 €",,"2,91 €/l",,La Despensa,Alimentación,Aceites y vinagres,https://static.carrefour.es/hd_510x_/img_pim_food/677333_00_1.jpg
https://www.carrefour.es/supermercado/salsa-verde-la-costena-botella-250-g/R-789830746/p,Salsa verde La Costeña botella 250 g.,"2,99 €",,"11,96 €/kg",,La Despensa,Alimentación,Salsas y Tomate Frito,https://static.carrefour.es/hd_510x_/img_pim_food/885394_00_1.jpg
https://www.carrefour.es/supermercado/queso-de-oveja-curado-classic-carrefour-250-g-cortado/R-VC4AECOMM-104858/p,Queso de oveja curado Classic´ Carrefour 250 g. cortado,"5,85 €",,"23,40 €/kg",,Productos Frescos,Quesos,Curado,https://static.carrefour.es/hd_510x_/img_pim_food/104858_00_1.jpg
https://www.carrefour.es/supermercado/huevos-frescos-carrefour-el-mercado-12-ud/R-VC4AECOMM-307927/p,Huevos Frescos Carrefour El Mercado 12 ud.,"2,23 €",,"2,23 €/docena",,La Despensa,Huevos,Huevos frescos,https://static.carrefour.es/hd_510x_/img_pim_food/307927_00_1.jpg
https://www.carrefour.es/supermercado/lejia-lavadora-carrefour-5-lt/R-539600147/p,LEJIA LAVADORA CARREFOUR 5 LT,"1,93 €",,"0,39 €/l",,Limpieza y Hogar,Cuidado de la Ropa,Lejías lavadora,https://static.carrefour.es/hd_510x_/img_pim_food/224402_00_1.jpg
https://www.carrefour.es/supermercado/jalapenos-nachos-la-costena-121-g/R-prod260123/p,Jalapeños nachos La Costeña 121 g.,"2,15 €",,"17,77 €/kg",,La Despensa,Aperitivos,Aceitunas y Encurtidos,https://static.carrefour.es/hd_510x_/img_pim_food/426016_00_1.jpg
https://www.carrefour.es/supermercado/galletas-doradas-73-cereal-caribbean-cream-cuetara-680-g/R-VC4AECOMM-438247/p,Galletas doradas 73% cereal Caribbean Cream Cuetara 680 g.,"2,85 €",,"4,19 €/kg",,La Despensa,Desayuno,Galletas,https://static.carrefour.es/hd_510x_/img_pim_food/438247_00_1.jpg
https://www.carrefour.es/supermercado/concentrado-de-lima-rives-1-l/R-520661007/p,Concentrado de lima Rives 1 l.,"6,15 €",,"6,15 €/l",,Bebidas,Licores y Cremas,Licores Sin Alcohol,https://static.carrefour.es/hd_510x_/img_pim_food/000119_00_1.jpg
https://www.carrefour.es/supermercado/quitaesmalte-suave-con-glicerina-carrefour-60-ml/R-prod810332/p,Quitaesmalte suave con glicerina Carrefour 60 ml.,"1,25 €",,"2,08 €/100ml",,Perfumería e Higiene,Cosmética,Uñas,https://static.carrefour.es/hd_510x_/img_pim_food/073711_00_1.jpg
https://www.carrefour.es/supermercado/ron-barcelo-anejo-70-cl/R-520662987/p,Ron Barceló añejo 70 cl.,"15,45 €",,"22,07 €/l",,,,,https://static.carrefour.es/hd_510x_/img_pim_food/043214_00_1.jpg
https://www.carrefour.es/supermercado/chocolate-con-leche-cadbury-180-g/R-672205962/p,Chocolate con leche Cadbury 180 g.,"4,45 €",,"24,72 €/kg",,La Despensa,Dulce,Bombones y Chocolates,https://static.carrefour.es/hd_510x_/img_pim_food/354425_00_1.jpg
https://www.carrefour.es/supermercado/batido-de-vainilla-puleva-sin-gluten-pack-de-6-briks-de-200-ml/R-521006953/p,Batido de vainilla Puleva sin gluten pack de 6 briks de 200 ml.,"2,69 €",,"2,24 €/l",,La Despensa,Lácteos,Batidos y Horchatas,https://static.carrefour.es/hd_510x_/img_pim_food/686698_00_1.jpg
https://www.carrefour.es/supermercado/spaghetti-vegetales-pasta-fina-gallo-400-g/R-841400534/p,Spaghetti vegetales pasta fina Gallo 400 g.,"1,99 €",,"4,97 €/kg",,La Despensa,Alimentación,Pastas,https://static.carrefour.es/hd_510x_/img_pim_food/979972_00_1.jpg
https://www.carrefour.es/supermercado/cerveza-carrefour-holandesa-lata-33-cl/R-520661340/p,Cerveza Carrefour Holandesa lata 33 cl.,"0,31 €",,"0,94 €/l
- 7,44 €/24 uds.",,Bebidas,Cerveza,Todas las Cervezas,https://static.carrefour.es/hd_510x_/img_pim_food/228844_00_1.jpg
https://www.carrefour.es/supermercado/canonigos-carrefour-125-g/R-521032341/p,Canónigos Carrefour 125 g,"1,13 €",,"9,04 €/kg",,Productos Frescos,Verduras y hortalizas,Ensaladas y Verduras Preparadas,https://static.carrefour.es/hd_510x_/img_pim_food/261722_00_1.jpg
https://www.carrefour.es/supermercado/zumo-de-mandarina-simon-life-botella-15-l/R-521030006/p,"Zumo de mandarina Simon Life botella 1,5 l.","1,85 €",,"1,23 €/l",,Bebidas,Aguas y Zumos,Zumos no Refrigerados,https://static.carrefour.es/hd_510x_/img_pim_food/372681_00_1.jpg
https://www.carrefour.es/supermercado/patatas-fritas-sabor-jamon-serrano-sensation-carrefour-150-g/R-prod1022999/p,Patatas fritas sabor jamón serrano Sensation Carrefour 150 g.,"1,20 €",,"8,00 €/kg",,La Despensa,Aperitivos,Patatas Fritas,https://static.carrefour.es/hd_510x_/img_pim_food/107052_00_1.jpg
https://www.carrefour.es/supermercado/cerveza-tostada-mahou-maestra-doble-lupulo-pack-de-12-latas-de-33-cl/R-prod280143/p,Cerveza tostada Mahou Maestra doble lúpulo pack de 12 latas de 33 cl.,"12,55 €",,"3,17 €/l",,Bebidas,Cerveza,Tostada - Roja,https://static.carrefour.es/hd_510x_/img_pim_food/338217_00_1.jpg
https://www.carrefour.es/supermercado/limpieza-magica-piedra-blanca-tenn-375-g/R-VC4AECOMM-146597/p,Limpieza mágica piedra blanca Tenn 375 g.,"7,59 €",,"20,24 €/kg",,Limpieza y Hogar,Productos para toda la casa,Limpiacristales y Multiusos,https://static.carrefour.es/hd_510x_/img_pim_food/146597_00_1.jpg
https://www.carrefour.es/supermercado/braguitas-para-incontinencia-de-orina-extra-seguridad-plus-talla-l-discreet-ausonia-8-ud/R-814300901/p,Braguitas para incontinencia de orina extra seguridad plus talla L Discreet Ausonia 8 ud.,"11,29 €",,"1,41 €/ud",,Perfumería e Higiene,Higiene íntima,Incontinencia,https://static.carrefour.es/hd_510x_/img_pim_food/940244_00_1.jpg
https://www.carrefour.es/supermercado/burgermeat-original-de-vacuno-carrefour-el-mercado-2x180-g/R-VC4AECOMM-053271/p,Burgermeat Original de Vacuno Carrefour El Mercado 2x180 g,"3,89 €",,"10,81 €/kg",,Productos Frescos,Carnicería,Hamburguesas,https://static.carrefour.es/hd_510x_/img_pim_food/053271_00_1.jpg
https://www.carrefour.es/supermercado/berberechos-al-natural-dani-90-g/R-521006454/p,Berberechos al natural Dani 90 g.,"4,69 €",,"52,11 €/kg",,La Despensa,"Conservas, Sopas y Precocinados",Conservas de Pescado y Marisco,https://static.carrefour.es/hd_510x_/img_pim_food/606984_00_1.jpg
https://www.carrefour.es/supermercado/ravioli-con-gorgonzola-carrefour-extra-250-g/R-VC4AECOMM-502209/p,Ravioli con gorgonzola Carrefour Extra 250 g.,"2,29 €",,"9,16 €/kg",,La Despensa,"Conservas, Sopas y Precocinados",Masa Fresca y Bases,https://static.carrefour.es/hd_510x_/img_pim_food/502209_00_1.jpg
https://www.carrefour.es/supermercado/tinte-creme-n-9-rubio-claro-claro-loreal-excellence-1-ud/R-520663547/p,Tinte creme nº 9 Rubio Claro Claro L'Oréal Excellence 1 ud.,"8,89 €",,"8,89 €/ud",,Perfumería e Higiene,Cabello,Tinte,https://static.carrefour.es/hd_510x_/img_pim_food/000964_00_1.jpg
https://www.carrefour.es/supermercado/lavavajillas-a-maquina-en-pastillas-quantum-finish-powerball-34-ud/R-VC4AECOMM-366770/p,Lavavajillas a máquina en pastillas Quantum Finish Powerball 34 ud.,"16,09 €",,"0,47 €/lavado",,Limpieza y Hogar,Productos para Cocina,Lavavajillas a máquina,https://static.carrefour.es/hd_510x_/img_pim_food/366770_00_1.jpg
https://www.carrefour.es/supermercado/barritas-crunchy-variety-nature-valley-sin-lactosa-pack-de-5-unidades-de-42-g/R-VC4AECOMM-692420/p,Barritas Crunchy Variety Nature Valley sin lactosa pack de 5 unidades de 42 g.,"2,89 €",,"13,76 €/kg",,La Despensa,Desayuno,Barritas,https://static.carrefour.es/hd_510x_/img_pim_food/692420_00_1.jpg
https://www.carrefour.es/supermercado/te-rojo-en-bolsitas-pompadour-25-ud/R-526539321/p,Té rojo en bolsitas Pompadour 25 ud.,"2,95 €",,"77,63 €/kg",,La Despensa,Desayuno,Infusiones y Tés,https://static.carrefour.es/hd_510x_/img_pim_food/792650_00_1.jpg
https://www.carrefour.es/supermercado/chocolate-con-leche-carrefour-sensation-sin-gluten-y-sin-azucar-anadido-125-g/R-VC4AECOMM-355937/p,Chocolate con leche Carrefour Sensation sin gluten y sin azúcar añadido 125 g.,"1,70 €",,"13,60 €/kg",,La Despensa,Dulce,Bombones y Chocolates,https://static.carrefour.es/hd_510x_/img_pim_food/355937_00_1.jpg
https://www.carrefour.es/supermercado/placas-para-lasana-extrafinas-gallo-224-g/R-856500405/p,Placas para lasaña extrafinas Gallo 224 g.,"1,92 €",,"8,57 €/kg",,La Despensa,Alimentación,Pastas,https://static.carrefour.es/hd_510x_/img_pim_food/089756_00_1.jpg
https://www.carrefour.es/supermercado/pila-alcalinas-ultra-plus-9v-6lr61/R-613004318/p,Pila Alcalinas Ultra Plus 9v 6lr61,"5,59 €",,"5,59 €/ud",,Limpieza y Hogar,Bazar,Pilas,https://static.carrefour.es/hd_510x_/img_pim_food/383588_00_1.jpg
https://www.carrefour.es/supermercado/muesli-crujiente-carrefour-sensation-500-g/R-VC4AECOMM-102234/p,Muesli crujiente Carrefour Sensation 500 g.,"1,99 €",,"3,98 €/kg",,,,,https://static.carrefour.es/hd_510x_/img_pim_food/102234_00_1.jpg
https://www.carrefour.es/supermercado/aceite-de-oliva-intenso-1-la-masia-1-l/R-520660265/p,Aceite de oliva intenso 1º La Masía 1 l.,"9,48 €",,"9,48 €/l",,La Despensa,Alimentación,Aceites y vinagres,https://static.carrefour.es/hd_510x_/img_pim_food/000006_00_1.jpg
https://www.carrefour.es/supermercado/gel-wc-con-lejia-y-espuma-limpiadora-fresh-extra-power-pato-750-ml/R-871900845/p,Gel WC con lejía y espuma limpiadora fresh Extra Power Pato 750 ml.,"3,79 €",,"5,05 €/l",,Limpieza y Hogar,Productos para Baño,WC,https://static.carrefour.es/hd_510x_/img_pim_food/184332_00_1.jpg
https://www.carrefour.es/supermercado/green-cola-zero-azucar-lata-33-cl/R-prod391399/p,Green Cola zero azúcar lata 33 cl.,"0,93 €",,"2,82 €/l",,Bebidas,Refrescos,Colas,https://static.carrefour.es/hd_510x_/img_pim_food/459637_00_1.jpg
https://www.carrefour.es/supermercado/tijeras-para-manicura-carrefour-soft-1-ud/R-VC4AECOMM-076089/p,Tijeras para manicura Carrefour Soft 1 ud.,"4,19 €",,"4,19 €/ud",,Perfumería e Higiene,Cosmética,Accesorios de Maquillaje y Manicura y Pedicura,https://static.carrefour.es/hd_510x_/img_pim_food/076089_00_1.jpg
https://www.carrefour.es/supermercado/helado-de-vainilla-con-nueces-de-macadamia-carrefour-sensation-sin-gluten-300-g/R-VC4AECOMM-023307/p,Helado de vainilla con nueces de macadamia Carrefour Sensation sin gluten 300 g.,"2,65 €",,"8,83 €/kg",,Congelados,Helados,Tarrinas,https://static.carrefour.es/hd_510x_/img_pim_food/023307_00_1.jpg
https://www.carrefour.es/supermercado/desodorante-sensitive-aloe-vera-dermactive-roll-on-mussvital-pack-de-2-unidades-de-75-ml/R-prod71593/p,Desodorante sensitive aloe vera Dermactive roll-on Mussvital pack de 2 unidades de 75 ml.,"7,49 €",,"4,99 €/100ml",,Parafarmacia,Cuidado corporal,Desodorantes,https://static.carrefour.es/hd_510x_/img_pim_food/965918_00_1.jpg
https://www.carrefour.es/supermercado/arroz-blanco-precocido-ultracongelado-carrefour-classic-pack-6-unidades-de-167-g/R-612501690/p,Arroz blanco precocido ultracongelado Carrefour Classic pack 6 unidades de 167 g.,"1,95 €",,"1,95 €/kg",,Congelados,Salteados Congelados,,https://static.carrefour.es/hd_510x_/img_pim_food/519517_00_1.jpg
https://www.carrefour.es/supermercado/patatas-fritas-crujientes-espada-sin-gluten-240-g/R-fprod1280481/p,Patatas fritas crujientes Espada sin gluten 240 g.,"2,69 €",,"11,21 €/kg",,La Despensa,Aperitivos,Patatas Fritas,https://static.carrefour.es/hd_510x_/img_pim_food/330812_00_1.jpg
https://www.carrefour.es/supermercado/preparado-de-carne-picada-de-pollo-y-pavo-carrefour-500-g/R-fprod1430146/p,Preparado de carne picada de pollo y pavo Carrefour 500 g,"3,65 €",,"7,30 €/kg",,Productos Frescos,Carnicería,Carne Picada,https://static.carrefour.es/hd_510x_/img_pim_food/374170_00_1.jpg
https://www.carrefour.es/supermercado/gel-de-ducha-para-piel-sensible-hipoalergenico-natura-instituto-espanol-750-ml/R-711607437/p,Gel de ducha para piel sensible hipoalergénico Natura Instituto Español 750 ml.,"2,85 €",,"0,38 €/100ml",,Perfumería e Higiene,Baño e Higiene Corporal,Geles de Baño,https://static.carrefour.es/hd_510x_/img_pim_food/431353_00_1.jpg
https://www.carrefour.es/supermercado/sandwich-cookie-con-helado-de-vainilla-carrefour-extra-4-ud/R-VC4AECOMM-466236/p,Sándwich cookie con helado de vainilla Carrefour Extra 4 ud.,"2,79 €",,"0,70 €/ud",,Congelados,Helados,Sandwiches,https://static.carrefour.es/hd_510x_/img_pim_food/466236_00_1.jpg
https://www.carrefour.es/supermercado/agua-mineral-carrefour-8-l/R-521009490/p,Agua mineral Carrefour 8 l.,"1,60 €",,"0,20 €/l",,Bebidas,Aguas y Zumos,Agua de más de 2 litros,https://static.carrefour.es/hd_510x_/img_pim_food/609750_00_1.jpg
https://www.carrefour.es/supermercado/agua-de-colonia-n-24-floral-afrutado-para-mujer-caravan-150-ml/R-808554969/p,Agua de colonia nº 24 Floral- afrutado para mujer Caravan 150 ml.,"10,89 €",,"7,26 €/100ml",,Perfumería e Higiene,Baño e Higiene Corporal,Colonias,https://static.carrefour.es/hd_510x_/img_pim_food/887528_00_1.jpg
https://www.carrefour.es/supermercado/pan-burguer-goiko-150-g/R-VC4AECOMM-118677/p,Pan Burguer Goiko 150 g,"1,99 €",,"13,27 €/kg",,Productos Frescos,Panadería Tradicional,Pan Tradicional,https://static.carrefour.es/hd_510x_/img_pim_food/118677_00_1.jpg
https://www.carrefour.es/supermercado/pienso-de-conejo-pollo-y-verdura-para-gato-adulto-purina-friskies-4-kg/R-550901889/p,"Pienso de conejo, pollo y verdura para gato adulto Purina Friskies 4 Kg","11,29 €",,"2,82 €/kg",,Mascotas,Gatos,Pienso para gatos,https://static.carrefour.es/hd_510x_/img_pim_food/724777_00_1.jpg
https://www.carrefour.es/supermercado/complemento-alimenticio-en-capsulas-kilos-centimetros-xls-pack-2-cajas-de-30-ud/R-819115273/p,Complemento alimenticio en cápsulas Kilos Centímetros XLS pack 2 cajas de 30 ud.,"30,50 €",,"3,18 €/100g",,Parafarmacia,Nutrición y Dietética,Control de Peso,https://static.carrefour.es/hd_510x_/img_pim_food/952831_00_1.jpg
https://www.carrefour.es/supermercado/preservativos-con-puntos-y-estrias-dame-placer-durex-12-ud/R-VC4AECOMM-487666/p,Preservativos con puntos y estrías Dame Placer Durex 12 ud.,"7,99 €",,"0,67 €/ud",,Perfumería e Higiene,Bienestar Sexual,Preservativos,https://static.carrefour.es/hd_510x_/img_pim_food/487666_00_1.jpg
https://www.carrefour.es/supermercado/vino-do-mancha-rosado-tempranillo-vina-lobon-75-cl/R-847106005/p,Vino D.O. Mancha rosado tempranillo Viña Lobón 75 cl.,"1,40 €",,"1,40 €/ud",,Bebidas,Vinos,Rosado,https://static.carrefour.es/hd_510x_/img_pim_food/016808_00_1.jpg
https://www.carrefour.es/supermercado/aquarius-sabor-naranja-botella-50-cl/R-520660731/p,Aquarius sabor naranja botella 50 cl.,"1,45 €",,"2,90 €/l",,Bebidas,Refrescos,Isotónicas,https://static.carrefour.es/hd_510x_/img_pim_food/358313_00_1.jpg
https://www.carrefour.es/supermercado/patatas-original-steakhouse-mccain-1-kg/R-prod850177/p,Patatas Original Steakhouse McCain 1 kg.,"4,17 €",,"4,17 €/kg",,Congelados,Verduras Congeladas,,https://static.carrefour.es/hd_510x_/img_pim_food/376275_00_1.jpg
https://www.carrefour.es/supermercado/vinagre-de-vino-blanco-ybarra-1-l/R-521011908/p,Vinagre de vino blanco Ybarra 1 l.,"1,14 €",,"1,14 €/l",,La Despensa,Alimentación,Aceites y vinagres,https://static.carrefour.es/hd_510x_/img_pim_food/030450_00_1.jpg
https://www.carrefour.es/supermercado/bayetas-6-uds-ballerina-amarilla/R-VC4AECOMM-573480/p,Bayetas 6 uds BALLERINA - Amarilla,"7,69 €",,"1,28 €/ud",,Limpieza y Hogar,Utensilios de Limpieza,Bayetas Microfibra Atrapapolvo,https://static.carrefour.es/hd_510x_/img_pim_food/573480_00_1.jpg
https://www.carrefour.es/supermercado/toallitas-limpiacristales-carrefour-expert-20-ud/R-694608964/p,Toallitas limpiacristales Carrefour Expert 20 ud.,"0,84 €",,"0,04 €/ud",,Limpieza y Hogar,Productos para toda la casa,Limpiacristales y Multiusos,https://static.carrefour.es/hd_510x_/img_pim_food/093831_00_1.jpg
https://www.carrefour.es/supermercado/balsamo-suave-para-barba-hidratacion-profunda-con-manteca-de-cacao-king-c-gillette-100-ml/R-VC4AECOMM-546155/p,Bálsamo suave para barba hidratación profunda con manteca de cacao King C Gillette 100 ml.,"11,09 €",,"11,09 €/100ml",,Perfumería e Higiene,Depilación y Afeitado,Afeitado,https://static.carrefour.es/hd_510x_/img_pim_food/546155_00_1.jpg
https://www.carrefour.es/supermercado/te-negro-en-bolsitas-ship-25-ud/R-VC4AECOMM-102424/p,Té negro en bolsitas Ship 25 ud.,"0,86 €",,"23,24 €/kg",,La Despensa,Desayuno,Infusiones y Tés,https://static.carrefour.es/hd_510x_/img_pim_food/102424_00_1.jpg
https://www.carrefour.es/supermercado/champu-anticaspa-caspa-seca-pilexil-300-ml/R-730287321/p,Champú anticaspa caspa seca Pilexil 300 ml.,"11,45 €",,"3,82 €/100ml",,Parafarmacia,Cabello,Otros Champús de Tratamiento,https://static.carrefour.es/hd_510x_/img_pim_food/680671_00_1.jpg
https://www.carrefour.es/supermercado/churros-de-lazo-la-santina-sin-gluten-150-g/R-prod790004/p,Churros de lazo La Santiña sin gluten 150 g.,"3,49 €",,"23,27 €/kg",,La Despensa,"Conservas, Sopas y Precocinados",Platos Preparados,https://static.carrefour.es/hd_510x_/img_pim_food/990094_00_1.jpg
https://www.carrefour.es/supermercado/papilla-infantil-desde-6-meses-8-cereales-galletas-maria-nutriben-sin-aceite-de-palma-600-g/R-804324052/p,Papilla infantil desde 6 meses 8 cereales galletas María Nutribén sin aceite de palma 600 g.,"5,99 €",,"9,98 €/kg",,Parafarmacia,Bebé,Papillas y Galletas,https://static.carrefour.es/hd_510x_/img_pim_food/914547_00_1.jpg
https://www.carrefour.es/supermercado/creatinina-sabor-piruleta-weider-300-g/R-VC4AECOMM-137471/p,Creatinina sabor piruleta Weider 300 g.,"25,40 €",,"84,67 €/kg",,La Despensa,Alimentación,Vitaminas y Complementos,https://static.carrefour.es/hd_510x_/img_pim_food/137471_00_1.jpg
https://www.carrefour.es/supermercado/lunas-classic-carrefour-350-g/R-VC4AECOMM-581105/p,Lunas Classic' Carrefour 350 g.,"3,45 €",,"9,86 €/kg",,La Despensa,"Panaderia, Bollería y Pastelería",Bollería,https://static.carrefour.es/hd_510x_/img_pim_food/581105_00_1.jpg
https://www.carrefour.es/supermercado/langostino-extra-grande-cocido-24-32-carrefour-800-g/R-745416036/p,Langostino extra grande cocido 24/32 Carrefour 800 g.,"9,25 €",,"11,56 €/kg",,Congelados,Mariscos Congelados,,https://static.carrefour.es/hd_510x_/img_pim_food/739355_00_1.jpg
https://www.carrefour.es/supermercado/colacao-energy-sin-gluten-y-sin-azucar-anadido-pack-4-botellas-188-ml/R-VC4AECOMM-211027/p,ColaCao energy sin gluten y sin azúcar añadido pack 4 botellas 188 ml.,"3,19 €",,"4,24 €/l",,La Despensa,Lácteos,Batidos y Horchatas,https://static.carrefour.es/hd_510x_/img_pim_food/211027_00_1.jpg
https://www.carrefour.es/supermercado/filetes-de-anchoa-del-cantabrico-en-aceite-de-oliva-de-nuestra-tierra-185-g/R-521029292/p,Filetes de anchoa del Cantábrico en aceite de oliva De Nuestra Tierra 185 g.,"11,89 €",,"64,27 €/kg",,La Despensa,"Conservas, Sopas y Precocinados",Conservas de Pescado y Marisco,https://static.carrefour.es/hd_510x_/img_pim_food/290727_00_1.jpg
https://www.carrefour.es/supermercado/miel-con-jalea-real-luna-de-miel-250-g/R-522714938/p,Miel con Jalea Real Luna de Miel 250 g.,"7,05 €",,"28,20 €/kg",,La Despensa,Dulce,Miel,https://static.carrefour.es/hd_510x_/img_pim_food/588225_00_1.jpg
https://www.carrefour.es/supermercado/comida-humeda-carne-surtida-para-gatos-carrefour-12-x100-g/R-550901619/p,Comida húmeda carne surtida para gatos Carrefour 12 x100 g.,"3,45 €",,"2,88 €/kg",,Mascotas,Ofertas en Mascotas,,https://static.carrefour.es/hd_510x_/img_pim_food/103825_00_1.jpg
https://www.carrefour.es/supermercado/cocktail-de-frutos-secos-jumbo-sensation-carrefour-500-g/R-521003585/p,Cocktail de frutos secos jumbo Sensation Carrefour 500 g.,"2,15 €",,"4,30 €/kg",,La Despensa,Aperitivos,Frutos Secos,https://static.carrefour.es/hd_510x_/img_pim_food/642810_00_1.jpg
https://www.carrefour.es/supermercado/snacks-de-pollo-para-perro-querico-5-unidades/R-830826890/p,Snacks de pollo para perro Quérico 5 unidades,"2,95 €",,"0,59 €/ud",,Mascotas,Perros,"Premios, Snacks y Huesos",https://static.carrefour.es/hd_510x_/img_pim_food/879698_00_1.jpg
https://www.carrefour.es/supermercado/pan-de-molde-integral-12-seleccion-cereales-y-semillas-oroweat-590-g/R-754402172/p,Pan de molde integral 12 selección cereales y semillas Oroweat 590 g.,"3,39 €",,"5,75 €/kg",,La Despensa,"Panaderia, Bollería y Pastelería",Pan de Molde,https://static.carrefour.es/hd_510x_/img_pim_food/728964_00_1.jpg
https://www.carrefour.es/supermercado/jamon-curado-en-lonchas-el-pozo-1954-sin-gluten-y-sin-lactosa-400-g/R-VC4AECOMM-338993/p,Jamón curado en lonchas El Pozo 1954 sin gluten y sin lactosa 400 g,"8,49 €",,"24,26 €/kg",,Productos Frescos,Charcutería,Jamón Serrano e Ibérico Envasado,https://static.carrefour.es/hd_510x_/img_pim_food/338993_00_1.jpg
https://www.carrefour.es/supermercado/nata-para-cocinar-central-lechera-asturiana-250-ml/R-521032991/p,Nata para cocinar Central Lechera Asturiana 250 ml.,"1,56 €",,"7,80 €/l",,La Despensa,Lácteos,Nata,https://static.carrefour.es/hd_510x_/img_pim_food/437398_00_1.jpg
https://www.carrefour.es/supermercado/crema-de-avena-para-cocinar-ecologico-oatly-250-ml/R-prod1010183/p,Crema de avena para cocinar ecológico Oatly 250 ml.,"1,36 €",,"5,44 €/l",,La Despensa,Lácteos,Nata,https://static.carrefour.es/hd_510x_/img_pim_food/089916_00_1.jpg
https://www.carrefour.es/supermercado/tarta-sabor-yema-y-nata-sin-gluten-500-g/R-prod310430/p,Tarta sabor yema y nata sin gluten 500 g,"10,95 €",,"21,90 €/kg",,Productos Frescos,Panadería Tradicional,Pastelería y Repostería,https://static.carrefour.es/hd_510x_/img_pim_food/383070_00_1.jpg
https://www.carrefour.es/supermercado/panceta-de-cerdo-fresca-carrefour-500-g-aprox/R-prod730291/p,Panceta de cerdo fresca Carrefour 500 g aprox,"3,49 €",,"6,99 €/kg",,Productos Frescos,Carnicería,Cerdo,https://static.carrefour.es/hd_510x_/img_pim_food/872223_00_1.jpg
https://www.carrefour.es/supermercado/lomo-en-lonchas-argal-100-g/R-VC4AECOMM-697451/p,Lomo en lonchas Argal 100 g.,"3,49 €",,"34,90 €/kg",,Productos Frescos,Charcutería,"Chorizo, Lomo y Otros",https://static.carrefour.es/hd_510x_/img_pim_food/697451_00_1.jpg
https://www.carrefour.es/supermercado/tortitas-de-arroz-vitalday-gullon-sin-gluten-130-g/R-591401519/p,Tortitas de arroz Vitalday Gullón sin gluten 130 g.,"1,62 €",,"12,46 €/kg",,La Despensa,Aperitivos,Tortitas,https://static.carrefour.es/hd_510x_/img_pim_food/341696_00_1.jpg
https://www.carrefour.es/supermercado/merluza-3-kg-aprox/R-628108209/p,Merluza 3 kg aprox,"47,85 €",,,,Productos Frescos,Pescadería,Pescado Fresco,https://static.carrefour.es/hd_510x_/img_pim_food/033403_00_1.jpg
https://www.carrefour.es/supermercado/cafe-latte-descafeinado-carrefour-sensation-sin-gluten-250-ml/R-fprod1260223/p,Café latte descafeinado Carrefour Sensation sin gluten 250 ml.,"0,75 €",,"3,00 €/l",,La Despensa,Desayuno,Cafés,https://static.carrefour.es/hd_510x_/img_pim_food/322802_00_1.jpg
https://www.carrefour.es/supermercado/ratatouille-de-berenjena-calacin-y-pimiento-bonduelle-375-g/R-VC4AECOMM-334713/p,"Ratatouille de berenjena, calacín y pimiento Bonduelle 375 g.","4,49 €",,"11,97 €/kg",,La Despensa,"Conservas, Sopas y Precocinados","Salteados de Verdura, Arroz y Paella",https://static.carrefour.es/hd_510x_/img_pim_food/334713_00_1.jpg
https://www.carrefour.es/supermercado/cerveza-mahou-clasica-pack-de-12-latas-de-33-cl/R-521013428/p,Cerveza Mahou Clásica pack de 12 latas de 33 cl.,"8,64 €",,"2,18 €/l",,Bebidas,Cerveza,Todas las Cervezas,https://static.carrefour.es/hd_510x_/img_pim_food/403267_00_1.jpg
https://www.carrefour.es/supermercado/gel-de-encendido-carcoa-1-l/R-prod68958/p,Gel de Encendido Carcoa 1 L.,"7,50 €",,"7,50 €/l",,Limpieza y Hogar,Bazar,Barbacoas y accesorios,https://static.carrefour.es/hd_510x_/img_pim_food/938685_00_1.jpg
https://www.carrefour.es/supermercado/champagne-veuve-clicquot-brut-75-cl/R-521033461/p,Veuve Clicquot Champagne,"53,50 €",,"53,50 €/ud",,Bebidas,Cava y champagne,Champagne,https://static.carrefour.es/hd_510x_/img_pim_food/033015_00_1.jpg
https://www.carrefour.es/supermercado/antical-para-lavadora-en-pastillas-expert-carrefour-15-ud/R-prod1160749/p,Antical para lavadora en pastillas Expert Carrefour 15 ud.,"2,49 €",,"0,17 €/lavado",,Limpieza y Hogar,Cuidado de la Ropa,Limpiadores y Antical para Lavadora,https://static.carrefour.es/hd_510x_/img_pim_food/427229_00_1.jpg
https://www.carrefour.es/supermercado/leche-semidesnatada-carrefour-sin-lactosa-brik-1-l/R-714713105/p,Leche semidesnatada Carrefour sin lactosa brik 1 l.,"0,91 €",,"0,91 €/l
- 5,46 €/6 uds.",,La Despensa,Lácteos,Leche,https://static.carrefour.es/hd_510x_/img_pim_food/470401_00_1.jpg
https://www.carrefour.es/supermercado/queso-azul-roquefort-societe-lactalis-pack-de-4-cunas-de-25-g/R-VC4AECOMM-685750/p,Queso azul roquefort Societé Lactalis pack de 4 cuñas de 25 g,"4,58 €",,"45,80 €/kg",,Productos Frescos,Quesos,Todos los Quesos,https://static.carrefour.es/hd_510x_/img_pim_food/685750_00_1.jpg
https://www.carrefour.es/supermercado/champu-hidratante-aroma-a-coco-herbal-essences-350-ml/R-VC4AECOMM-495757/p,Champú hidratante aroma a coco Herbal Essences 350 ml.,"5,75 €",,"1,64 €/100ml",,Perfumería e Higiene,Cabello,Champús,https://static.carrefour.es/hd_510x_/img_pim_food/495757_00_1.jpg
https://www.carrefour.es/supermercado/gyoza-de-carne-ta-tung-144-g/R-793986308/p,Gyoza de carne Ta-Tung 144 g.,"4,15 €",,"28,82 €/kg",,La Despensa,"Conservas, Sopas y Precocinados",Platos Preparados,https://static.carrefour.es/hd_510x_/img_pim_food/892695_00_1.jpg
https://www.carrefour.es/supermercado/boligrafos-bic-cristal-azul-10-uds/R-521036286/p,Bolígrafos Bic Cristal Azul 10 uds,"4,99 €",,"0,50 €/ud",,Limpieza y Hogar,Papelería,Bolígrafos y correctores,https://static.carrefour.es/hd_510x_/img_pim_food/005598_00_1.jpg
https://www.carrefour.es/supermercado/comedero-antiderrapante-para-perro-de-polipropileno-1-l/R-555401613/p,Comedero Antiderrapante para Perro de Polipropileno 1 l,"3,49 €",,"3,49 €/ud",,Mascotas,Perros,Comederos,https://static.carrefour.es/hd_510x_/img_pim_food/233965_00_1.jpg
https://www.carrefour.es/supermercado/sardina-salada-de-nuestra-tierra-280-g/R-prod1070008/p,Sardina Salada De Nuestra Tierra 280 g,"2,25 €",,"8,04 €/kg",,Productos Frescos,Pescadería,Bacalao y Salazones,https://static.carrefour.es/hd_510x_/img_pim_food/125805_00_1.jpg
https://www.carrefour.es/supermercado/salchichas-cocidas-jumbo-classic-oscar-mayer-sin-gluten-sin-lactosa-350-g/R-521031158/p,Salchichas cocidas Jumbo Classic Oscar Mayer sin gluten sin lactosa 350 g.,"2,55 €",,"7,29 €/kg",,Productos Frescos,Charcutería,Salchichas,https://static.carrefour.es/hd_510x_/img_pim_food/003294_00_1.jpg
https://www.carrefour.es/supermercado/tomate-tamizado-contenido-bajo-de-sal-carrefour-400-g/R-521005900/p,Tomate tamizado contenido bajo de sal Carrefour 400 g.,"0,93 €",,"2,32 €/kg",,La Despensa,"Conservas, Sopas y Precocinados",Conservas de Tomate,https://static.carrefour.es/hd_510x_/img_pim_food/488365_00_1.jpg
https://www.carrefour.es/supermercado/avellana-natural-original-carrefour-200-g/R-VC4AECOMM-692615/p,Avellana natural Original Carrefour 200 g.,"2,85 €",,"14,25 €/kg",,La Despensa,Aperitivos,Frutos Secos,https://static.carrefour.es/hd_510x_/img_pim_food/692615_00_1.jpg
https://www.carrefour.es/supermercado/falafel-vegetal-ultracongelado-sensation-carrefour-500-g/R-VC4AECOMM-303237/p,Falafel vegetal ultracongelado Sensation Carrefour 500 g.,"5,65 €",,"11,30 €/kg",,Congelados,Rebozados y Platos Preparados,,https://static.carrefour.es/hd_510x_/img_pim_food/303237_00_1.jpg
https://www.carrefour.es/supermercado/picos-artesanos-panceliac-sin-gluten-y-sin-lactosa-100-g/R-774804085/p,Picos artesanos Panceliac sin gluten y sin lactosa 100 g.,"1,99 €",,"19,90 €/kg",,La Despensa,"Panaderia, Bollería y Pastelería","Colines, picos y crakers",https://static.carrefour.es/hd_510x_/img_pim_food/783135_00_1.jpg
https://www.carrefour.es/supermercado/fregona-microfibra-vileda-eco/R-VC4AECOMM-272188/p,Fregona Microfibra VILEDA Eco,"4,15 €",,"4,15 €/ud",,Limpieza y Hogar,Utensilios de Limpieza,Fregonas,https://static.carrefour.es/hd_510x_/img_pim_food/272188_00_1.jpg
https://www.carrefour.es/supermercado/vino-tinto-crianza-tempranillo-altos-de-penalen-doca-rioja-75-cl/R-VC4AECOMM-642461/p,Vino tinto crianza tempranillo Altos de Peñalen D.O.Ca Rioja 75 cl.,"2,69 €",,"2,69 €/ud",,Bebidas,Vinos,Tinto,https://static.carrefour.es/hd_510x_/img_pim_food/642461_00_1.jpg
https://www.carrefour.es/supermercado/rodillo-quitapelusas-91m-scotch-brite-56-usos/R-528413999/p,"Rodillo Quitapelusas 9,1m SCOTCH BRITE 56 usos","6,79 €",,"6,79 €/ud",,Limpieza y Hogar,Utensilios de Limpieza,Otros útiles,https://static.carrefour.es/hd_510x_/img_pim_food/594876_00_1.jpg
https://www.carrefour.es/supermercado/fingers-de-pechuga-de-pollo-carrefour-extra-400-g/R-VC4AECOMM-685922/p,Fingers de pechuga de pollo Carrefour Extra 400 g.,"4,39 €",,"10,97 €/kg",,La Despensa,"Conservas, Sopas y Precocinados",Croquetas y Rebozados,https://static.carrefour.es/hd_510x_/img_pim_food/685922_00_1.jpg
https://www.carrefour.es/supermercado/leche-fermentada-fresa-y-platano-carrefour-classic-sin-gluten-sin-lactosa-pack-de-4-unidades-de-160-g/R-VC4AECOMM-720404/p,Leche fermentada fresa y plátano Carrefour Classic' sin gluten sin lactosa pack de 4 unidades de 160 g.,"1,99 €",,"3,11 €/kg",,La Despensa,Yogures y Postres,Yogures Líquidos,https://static.carrefour.es/hd_510x_/img_pim_food/720404_00_1.jpg
https://www.carrefour.es/supermercado/crema-de-manos-nutricion-intensa-con-aceite-de-oliva-babaria-75-ml/R-795705090/p,Crema de manos nutrición intensa con aceite de oliva Babaria 75 ml.,"1,23 €",,"1,64 €/100ml",,Perfumería e Higiene,Cuidado y Protección Corporal,Piel,https://static.carrefour.es/hd_510x_/img_pim_food/896491_00_1.jpg
https://www.carrefour.es/supermercado/pizza-carbonara-carrefour-classic-400-g/R-521030208/p,Pizza carbonara Carrefour Classic' 400 g.,"2,69 €",,"6,72 €/kg",,La Despensa,"Conservas, Sopas y Precocinados",Pizzas,https://static.carrefour.es/hd_510x_/img_pim_food/626196_00_1.jpg
https://www.carrefour.es/supermercado/cacao-soluble-original-cola-cao-5-kg/R-521029087/p,Cacao soluble original Cola Cao 5 kg.,"31,20 €",,"6,24 €/kg",,La Despensa,Desayuno,Cacaos y Cereales Solubles,https://static.carrefour.es/hd_510x_/img_pim_food/001770_00_1.jpg
https://www.carrefour.es/supermercado/cafe-espresso-classico-en-capsulas-illy-compatible-con-nespresso-10-unidades-de-57-g/R-fprod1190066/p,"Café espresso clássico en cápsulas Illy compatible con Nespresso 10 unidades de 5,7 g.","4,69 €",,"82,28 €/kg",,La Despensa,Desayuno,Cafés,https://static.carrefour.es/hd_510x_/img_pim_food/230305_00_1.jpg
https://www.carrefour.es/supermercado/yogur-desnatado-sabor-fresa-carrefour-classic-sin-azucar-anadido-pack-de-4-unidades-de-125-g/R-VC4AECOMM-372748/p,Yogur desnatado sabor fresa Carrefour Classic' sin azúcar añadido pack de 4 unidades de 125 g.,"0,92 €",,"1,84 €/kg",,La Despensa,Yogures y Postres,Yogures Desnatados,https://static.carrefour.es/hd_510x_/img_pim_food/372748_00_1.jpg
https://www.carrefour.es/supermercado/chocolate-negro-intenso-con-limon-lindt-excellence-100-g/R-801411919/p,Chocolate negro intenso con limón Lindt Excellence 100 g.,"3,29 €",,"32,90 €/kg",,La Despensa,Dulce,Bombones y Chocolates,https://static.carrefour.es/hd_510x_/img_pim_food/904116_00_1.jpg
https://www.carrefour.es/supermercado/snack-sabor-jamon-papa-delta-grefusa-135-g/R-VC4AECOMM-445042/p,Snack sabor jamón Papa Delta Grefusa 135 g.,"2,79 €",,"20,67 €/kg",,La Despensa,Aperitivos,Snacks,https://static.carrefour.es/hd_510x_/img_pim_food/445042_00_1.jpg
https://www.carrefour.es/supermercado/protectores-auditivos-de-espuma-solupharm-4-ud/R-789702721/p,Protectores auditivos de espuma Solupharm 4 ud.,"3,55 €",,"1,77 €/ud",,Parafarmacia,Botiquín,Oído y Protectores,https://static.carrefour.es/hd_510x_/img_pim_food/885031_00_1.jpg
https://www.carrefour.es/supermercado/crema-de-cacao-con-leche-y-avellanas-carrefour-sin-gluten-750-g/R-prod1090070/p,Crema de cacao con leche y avellanas Carrefour sin gluten 750 g.,"2,96 €",,"3,95 €/kg",,,,,https://static.carrefour.es/hd_510x_/img_pim_food/143129_00_1.jpg
https://www.carrefour.es/supermercado/espirales-vegetales-carrefour-500-g/R-521005645/p,Espirales vegetales Carrefour 500 g.,"1,23 €",,"2,46 €/kg",,La Despensa,Alimentación,Pastas,https://static.carrefour.es/hd_510x_/img_pim_food/228697_00_1.jpg
https://www.carrefour.es/supermercado/helado-sorbete-de-mango-carrefour-600-g/R-prod393188/p,Helado sorbete de mango Carrefour 600 g.,"2,59 €",,"4,32 €/kg",,Congelados,Helados,Tarrinas,https://static.carrefour.es/hd_510x_/img_pim_food/479145_00_1.jpg
https://www.carrefour.es/supermercado/champu-hair-food-pina-anti-rotura-garnier-fructis-350-ml/R-VC4AECOMM-129422/p,Champú Hair Food piña anti-rotura Garnier-Fructis 350 ml.,"5,55 €",,"1,59 €/100ml",,Perfumería e Higiene,Ofertas en Perfumería e Higiene,,https://static.carrefour.es/hd_510x_/img_pim_food/129422_00_1.jpg
https://www.carrefour.es/supermercado/caramel-latte-nescafe-gold-pack-de-8-sobres-de-17-g/R-546305908/p,Caramel latte Nescafé Gold pack de 8 sobres de 17 g.,"4,05 €",,"29,78 €/kg",,La Despensa,Desayuno,Cafés,https://static.carrefour.es/hd_510x_/img_pim_food/042912_00_1.jpg
https://www.carrefour.es/supermercado/monster-energy-green-bebida-energetica-pack-de-4-latas-50-cl/R-715626956/p,Monster Energy Green Bebida Energética pack de 4 latas 50 cl.,"6,69 €",,"3,34 €/l",,Bebidas,Refrescos,Energéticas,https://static.carrefour.es/hd_510x_/img_pim_food/488778_00_1.jpg
https://www.carrefour.es/supermercado/zumo-de-melocoton-manzana-y-uva-carrefour-brik-1-l/R-820614220/p,"Zumo de melocotón, manzana y uva Carrefour brik 1 l.","1,08 €",,"1,08 €/l",,Bebidas,Aguas y Zumos,Zumos no Refrigerados,https://static.carrefour.es/hd_510x_/img_pim_food/955069_00_1.jpg
https://www.carrefour.es/supermercado/queso-cheddar-en-lonchas-arla-150-g/R-814300553/p,Queso cheddar en lonchas Arla 150 g.,"3,21 €",,"18,34 €/kg",,Productos Frescos,Quesos,Otros Internacionales,https://static.carrefour.es/hd_510x_/img_pim_food/938129_00_1.jpg
https://www.carrefour.es/supermercado/salsa-sabor-bacon-burguer-heinz-220-ml/R-VC4AECOMM-024038/p,Salsa sabor bacon burguer Heinz 220 ml.,"2,79 €",,"12,40 €/kg",,La Despensa,Alimentación,Salsas y Tomate Frito,https://static.carrefour.es/hd_510x_/img_pim_food/024038_00_1.jpg
https://www.carrefour.es/supermercado/polvos-texturizantes-y-volumen-powderful-got2b-schwarzkopf-10-g/R-VC4AECOMM-433085/p,Polvos texturizantes y volumen Powder'ful Got2b Schwarzkopf 10 g.,"6,79 €",,"67,90 €/100g",,Perfumería e Higiene,Cabello,Fijadores,https://static.carrefour.es/hd_510x_/img_pim_food/433085_00_1.jpg
https://www.carrefour.es/supermercado/aperitivo-de-patata-sabor-barbacoa-pringles-185-g/R-VC4AECOMM-142068/p,Aperitivo de patata sabor barbacoa Pringles 185 g.,"2,69 €",,"14,54 €/kg",,La Despensa,Aperitivos,Patatas Fritas,https://static.carrefour.es/hd_510x_/img_pim_food/142068_00_1.jpg
https://www.carrefour.es/supermercado/jabon-de-manos-liquido-original-dove-250-ml/R-540202028/p,Jabón de manos líquido Original Dove 250 ml.,"2,65 €",,"1,06 €/100ml",,Perfumería e Higiene,Baño e Higiene Corporal,Jabón de Manos,https://static.carrefour.es/hd_510x_/img_pim_food/271395_00_1.jpg
https://www.carrefour.es/supermercado/salchichas-campesan-con-queso-campofrio-sin-gluten-pack-de-3-unidades-de-170-g/R-618801839/p,Salchichas campesan con queso Campofrío sin gluten pack de 3 unidades de 170 g.,"2,50 €",,"4,90 €/kg",,Productos Frescos,Charcutería,Salchichas,https://static.carrefour.es/hd_510x_/img_pim_food/658373_00_1.jpg
https://www.carrefour.es/supermercado/set-2-estropajos-fibra-clasica-scotch-brite/R-521032843/p,Set 2 Estropajos Fibra Clásica SCOTCH BRITE,"2,05 €",,"1,02 €/ud",,Limpieza y Hogar,Utensilios de Limpieza,Estropajos,https://static.carrefour.es/hd_510x_/img_pim_food/122935_00_1.jpg
https://www.carrefour.es/supermercado/barritas-de-chocolate-intenso-bimanan-8-ud/R-700809060/p,Barritas de chocolate intenso Bimanán 8 ud.,"15,29 €",,"4,93 €/100g",,,,,https://static.carrefour.es/hd_510x_/img_pim_food/324560_00_1.jpg
https://www.carrefour.es/supermercado/champu-reconstructor-para-pelo-largo-y-danado-dream-long-elvive-loreal-370-ml/R-prod650233/p,Champú reconstructor para pelo largo y dañado Dream long Elvive L'Oréal 370 ml.,"4,75 €",,"1,25 €/100ml",,Perfumería e Higiene,Cabello,Champús,https://static.carrefour.es/hd_510x_/img_pim_food/844580_00_1.jpg
https://www.carrefour.es/supermercado/galleta-tostada-family-biscuits-sin-azucar-anadido-600-g/R-VC4AECOMM-490975/p,Galleta tostada Family Biscuits sin azúcar añadido 600 g.,"2,49 €",,"4,15 €/kg",,La Despensa,Desayuno,Galletas,https://static.carrefour.es/hd_510x_/img_pim_food/490975_00_1.jpg
https://www.carrefour.es/supermercado/champu-anticaida-purificante-cabellos-grasos-science-les-cosmetiques-400-ml/R-805726769/p,Champú anticaída purificante cabellos grasos Science Les Cosmétiques 400 ml.,"1,72 €",,"0,43 €/100ml",,Perfumería e Higiene,Cabello,Champús,https://static.carrefour.es/hd_510x_/img_pim_food/924534_00_1.jpg
https://www.carrefour.es/supermercado/vino-tinto-joven-syrah-ecologico-rumor-vendimia-seleccionada-do-jumilla-75-cl/R-VC4AECOMM-415901/p,Carrefour Eco Syrah 2022,"3,69 €",,"3,69 €/ud",,,,,https://static.carrefour.es/hd_510x_/img_pim_food/415901_00_1.jpg
https://www.carrefour.es/supermercado/papilla-infantil-desde-los-5-6-meses-multicereales-fos-damira-sin-lactosa-600-g/R-590511144/p,Papilla infantil desde los 5-6 meses multicereales fos Damira sin lactosa 600 g.,"8,85 €",,"1,48 €/100g",,Parafarmacia,Bebé,Papillas y Galletas,https://static.carrefour.es/hd_510x_/img_pim_food/760351_00_1.jpg
https://www.carrefour.es/supermercado/aceite-de-girasol-especial-para-freir-capicua-3-l/R-prod371865/p,Aceite de girasol especial para freir Capicua 3 l.,"12,65 €",,"4,22 €/l",,La Despensa,Alimentación,Aceites y vinagres,https://static.carrefour.es/hd_510x_/img_pim_food/439118_00_1.jpg
https://www.carrefour.es/supermercado/queso-semicurado-en-lonchas-gran-capitan-160-g/R-788191894/p,Queso semicurado en lonchas Gran Capitán 160 g.,"4,38 €",,"27,37 €/kg",,Productos Frescos,Quesos,Todos los Quesos,https://static.carrefour.es/hd_510x_/img_pim_food/882492_00_1.jpg
https://www.carrefour.es/supermercado/vino-do-rueda-blanco-moralinos-verdejo-pagos-del-rey-75-cl/R-742134715/p,Vino D.O. Rueda blanco moralinos verdejo Pagos del Rey 75 cl.,"4,69 €",,"4,69 €/ud",,Ofertas,,,https://static.carrefour.es/hd_510x_/img_pim_food/722202_00_1.jpg
https://www.carrefour.es/supermercado/yogur-natural-pastoret-sin-gluten-500-g/R-745416220/p,Yogur natural Pastoret sin gluten 500 g.,"2,65 €",,"5,30 €/kg",,La Despensa,Yogures y Postres,Yogur Natural y Sabores,https://static.carrefour.es/hd_510x_/img_pim_food/742073_00_1.jpg
https://www.carrefour.es/supermercado/sopa-de-cocido-gallina-blanca-pack-de-3-sobres-de-72-g/R-835176163/p,Sopa de cocido Gallina Blanca pack de 3 sobres de 72 g.,"2,65 €",,"12,27 €/kg",,La Despensa,"Conservas, Sopas y Precocinados","Caldos, Sopas y Pure",https://static.carrefour.es/hd_510x_/img_pim_food/970994_00_1.jpg
https://www.carrefour.es/supermercado/queso-fresco-natural-ecologico-carrefour-bio-500-g/R-fprod1370266/p,Queso fresco natural ecológico Carrefour Bio 500 g.,"2,39 €",,"4,78 €/kg",,Productos Frescos,Quesos,Todos los Quesos,https://static.carrefour.es/hd_510x_/img_pim_food/344446_00_1.jpg
https://www.carrefour.es/supermercado/aceite-refinado-de-semillas-con-omegas-3-6-y-9-y-vitaminas-e-y-b6-5-semillas-koipe-750-ml/R-VC4AECOMM-181761/p,"Aceite refinado de semillas con omegas 3, 6 y 9 y vitaminas E y B6 5 Semillas Koipe 750 ml.","2,69 €",,"3,59 €/l",,La Despensa,Alimentación,Aceites y vinagres,https://static.carrefour.es/hd_510x_/img_pim_food/181761_00_1.jpg
https://www.carrefour.es/supermercado/queso-de-cabra-tierno-carrefour-classic-cuna-de-300-g/R-VC4AECOMM-322428/p,Queso de cabra tierno Carrefour Classic cuña de 300 g,"4,85 €",,"16,17 €/kg",,Productos Frescos,Quesos,Todos los Quesos,https://static.carrefour.es/hd_510x_/img_pim_food/322428_00_1.jpg
https://www.carrefour.es/supermercado/tomillo-carrefour-18-g/R-prod710291/p,Tomillo Carrefour 18 g.,"0,79 €",,"43,89 €/kg",,La Despensa,Alimentación,Especias y Sazonadores,https://static.carrefour.es/hd_510x_/img_pim_food/851270_00_1.jpg
https://www.carrefour.es/supermercado/limpiador-de-metales-tarni-shield-250-ml/R-546306748/p,Limpiador de Metales Tarni Shield 250 ml.,"4,29 €",,"17,16 €/l",,Limpieza y Hogar,Productos para toda la casa,Limpiametales,https://static.carrefour.es/hd_510x_/img_pim_food/399134_00_1.jpg
https://www.carrefour.es/supermercado/gel-energetico-con-ciclodextrina-sabor-a-limon-226-ers-76-g/R-VC4AECOMM-066515/p,Gel energético con ciclodextrina sabor a limón 226 ERS 76 g.,"2,55 €",,"33,55 €/l",,La Despensa,Alimentación,Nutrición deportiva,https://static.carrefour.es/hd_510x_/img_pim_food/066515_00_1.jpg
https://www.carrefour.es/supermercado/lata-pate-con-salmon-para-gatos-400-gr/R-550901749/p,Lata Pate con Salmón para Gatos 400 gr,"1,19 €",,"2,97 €/kg",,Mascotas,Gatos,Pienso para gatos,https://static.carrefour.es/hd_510x_/img_pim_food/250546_00_1.jpg
https://www.carrefour.es/supermercado/enjuague-bucal-mentol-listerine-1-l/R-521028465/p,Enjuague bucal mentol Listerine 1 l.,"10,39 €",,"1,04 €/100ml",,Perfumería e Higiene,Boca y Sonrisa,Enjuagues Bucales,https://static.carrefour.es/hd_510x_/img_pim_food/578802_00_1.jpg
https://www.carrefour.es/supermercado/base-para-pizza-dr-schar-sin-gluten-y-sin-lactosa-300-g/R-651303625/p,Base para pizza Dr. Schär sin gluten y sin lactosa 300 g.,"6,05 €",,"20,17 €/kg",,La Despensa,"Conservas, Sopas y Precocinados",Pizzas,https://static.carrefour.es/hd_510x_/img_pim_food/815236_00_1.jpg
https://www.carrefour.es/supermercado/tiburon-carrefour-500-g/R-544101810/p,Tiburón Carrefour 500 g.,"0,79 €",,"1,58 €/kg",,La Despensa,Alimentación,Pastas,https://static.carrefour.es/hd_510x_/img_pim_food/229700_00_1.jpg
https://www.carrefour.es/supermercado/crema-de-cacao-con-avellanas-original-sin-azucar-anadido-nocilla-sin-gluten-180-g/R-prod62981/p,Crema de cacao con avellanas original sin azúcar añadido Nocilla sin gluten 180 g.,"3,09 €","2,89 €","17,17 €/kg","16,06 €/kg",La Despensa,Dulce,"Cremas de Cacao, Avellana y Cacahuete",https://static.carrefour.es/hd_510x_/img_pim_food/210343_00_1.jpg
https://www.carrefour.es/supermercado/caldo-de-pollo-bajo-en-sal-gallina-blanca-sin-gluten-pack-de-2-unidades-de-1l/R-VC4AECOMM-664036/p,Caldo de pollo bajo en sal Gallina Blanca sin gluten pack de 2 unidades de 1l.,"4,19 €",,"2,09 €/l",,La Despensa,"Conservas, Sopas y Precocinados","Caldos, Sopas y Pure",https://static.carrefour.es/hd_510x_/img_pim_food/664036_00_1.jpg
https://www.carrefour.es/supermercado/vino-tinto-crianza-ecologico-carrizal-doca-rioja-75-cl/R-VC4AECOMM-444237/p,Vino tinto crianza ecológico Carrizal D.O.Ca Rioja 75 cl.,"7,05 €",,"7,05 €/ud",,Bebidas,Vinos,Tinto,https://static.carrefour.es/hd_510x_/img_pim_food/444237_00_1.jpg
https://www.carrefour.es/supermercado/bombones-de-chocolate-y-avellana-ferrero-rocher-estuche-16-ud/R-521012489/p,Bombones de chocolate y avellana Ferrero Rocher estuche 16 ud.,"6,49 €",,"32,45 €/kg",,La Despensa,Dulce,Bombones y Chocolates,https://static.carrefour.es/hd_510x_/img_pim_food/001988_00_1.jpg
https://www.carrefour.es/supermercado/centro-de-aguja-de-vacuno-angus-carrefour-selection-400-g-aprox/R-VC4AECOMM-007147/p,Centro de Aguja de Vacuno Angus Carrefour Selection 400 g aprox,"9,68 €",,"24,20 €/kg",,Productos Frescos,Carnicería,Vacuno,https://static.carrefour.es/hd_510x_/img_pim_food/007147_00_1.jpg
https://www.carrefour.es/supermercado/protector-lavavajillas-finish-50-lavados/R-521001511/p,Protector lavavajillas Finish 50 lavados.,"8,99 €",,"8,99 €/ud",,Limpieza y Hogar,Productos para Cocina,Aditivos y limpiamáquinas,https://static.carrefour.es/hd_510x_/img_pim_food/431234_00_1.jpg
https://www.carrefour.es/supermercado/cerveza-negra-estrella-galicia-00-alcohol-pack-6-botellas-25-cl/R-VC4AECOMM-485184/p,Cerveza negra Estrella Galicia 0.0 alcohol pack 6 botellas 25 cl.,"4,49 €",,"2,99 €/l",,Bebidas,Cerveza,Negra,https://static.carrefour.es/hd_510x_/img_pim_food/485184_00_1.jpg
https://www.carrefour.es/supermercado/vino-tinto-roble-tempranillo-vina-espolon-do-ribera-del-duero-75-cl/R-fprod1260299/p,Vino tinto roble tempranillo Viña Espolón D.O. Ribera del Duero 75 cl.,"6,00 €",,"6,00 €/ud",,Bebidas,Vinos,Tinto,https://static.carrefour.es/hd_510x_/img_pim_food/323011_00_1.jpg
https://www.carrefour.es/supermercado/detergente-a-mano-lana-y-ropa-delicada-carrefour-expert-30-lavados/R-VC4AECOMM-573180/p,Detergente a mano lana y ropa delicada Carrefour Expert 30 lavados.,"2,45 €",,"0,08 €/lavado",,Limpieza y Hogar,Cuidado de la Ropa,Detergentes,https://static.carrefour.es/hd_510x_/img_pim_food/573180_00_1.jpg
https://www.carrefour.es/supermercado/salsa-cesar-carrefour-classic-sin-gluten-300-g/R-551802051/p,Salsa césar Carrefour Classic sin gluten 300 g.,"1,16 €",,"3,87 €/kg",,La Despensa,Alimentación,Salsas y Tomate Frito,
https://www.carrefour.es/supermercado/sal-de-frutas-sabor-limon-carmencita-175-g/R-prod272877/p,Sal de frutas sabor limón Carmencita 175 g.,"4,59 €",,"26,23 €/kg",,La Despensa,Alimentación,Sales y Bicarbonatos,https://static.carrefour.es/hd_510x_/img_pim_food/966186_00_1.jpg
https://www.carrefour.es/supermercado/snack-de-buey-para-perro-pedigree-rodeo-70-g/R-521007904/p,Snack de buey para perro Pedigree Rodeo 70 g.,"1,56 €",,"22,29 €/kg",,Mascotas,Perros,"Premios, Snacks y Huesos",https://static.carrefour.es/hd_510x_/img_pim_food/093480_00_1.jpg
https://www.carrefour.es/supermercado/cocktail-de-frutos-secos-frit-ravich-sin-gluten-170-g/R-775904639/p,Cocktail de frutos secos Frit Ravich sin gluten 170 g.,"2,59 €",,"15,24 €/kg",,La Despensa,Aperitivos,Frutos Secos,https://static.carrefour.es/hd_510x_/img_pim_food/784137_00_1.jpg
https://www.carrefour.es/supermercado/ravioli-de-tomate-y-mozzarella-al-huevo-carrefour-250-g/R-prod490061/p,Ravioli de tomate y mozzarella al huevo Carrefour 250 g.,"1,76 €",,"7,04 €/kg",,La Despensa,"Conservas, Sopas y Precocinados",Platos Preparados,https://static.carrefour.es/hd_510x_/img_pim_food/830109_00_1.jpg
https://www.carrefour.es/supermercado/desodorante-en-spray-protege-cuida-nivea-250-ml/R-fprod1190535/p,Desodorante en spray Protege & Cuida Nivea 250 ml.,"4,49 €",,"1,80 €/100ml",,Perfumería e Higiene,Baño e Higiene Corporal,Desodorantes,https://static.carrefour.es/hd_510x_/img_pim_food/243523_00_1.jpg
https://www.carrefour.es/supermercado/vino-do-ribera-del-duero-tinto-crianza-pruno-75-cl/R-683701707/p,Pruno Tinto 2021,"12,19 €",,"12,19 €/ud",,,,,https://static.carrefour.es/hd_510x_/img_pim_food/071268_00_1.jpg
https://www.carrefour.es/supermercado/queso-fresco-desnatado-con-arandanos-sin-azucar-anadido-proteina-plus-carrefour-sensation-sin-gluten-pack-de-4-unidades-de-100-g/R-VC4AECOMM-097578/p,Queso fresco desnatado con arándanos sin azúcar añadido proteína plus Carrefour Sensation sin gluten pack de 4 unidades de 100 g.,"1,29 €",,"3,22 €/kg",,La Despensa,Yogures y Postres,Proteína,https://static.carrefour.es/hd_510x_/img_pim_food/097578_00_1.jpg
https://www.carrefour.es/supermercado/queso-de-mezcla-curado-canada-mayor-250-g/R-VC4AECOMM-199250/p,Queso de mezcla curado Cañada Mayor 250 g.,"4,68 €",,"18,72 €/kg",,Productos Frescos,Quesos,Curado,https://static.carrefour.es/hd_510x_/img_pim_food/199250_00_1.jpg
https://www.carrefour.es/supermercado/sucedaneo-de-caviar-mujjol-shikran-sin-gluten-80-g/R-668105623/p,Sucedáneo de caviar Mujjól Shikrán sin gluten 80 g.,"5,39 €",,"67,37 €/kg",,Productos Frescos,Pescadería,Ahumados y Huevas,https://static.carrefour.es/hd_510x_/img_pim_food/328315_00_1.jpg
https://www.carrefour.es/supermercado/desodorante-en-crema-sensitive-byly-25-ml/R-520664861/p,Desodorante en crema sensitive Byly 25 ml.,"2,39 €",,"9,56 €/100ml",,Perfumería e Higiene,Baño e Higiene Corporal,Desodorantes,https://static.carrefour.es/hd_510x_/img_pim_food/003328_00_1.jpg
https://www.carrefour.es/supermercado/queso-de-mezcla-curado-mini-carrefour-pieza-de-840-g/R-VC4AECOMM-682171/p,Queso de mezcla curado mini Carrefour pieza de 840 g,"10,15 €",,"12,08 €/kg",,Productos Frescos,Quesos,Curado,https://static.carrefour.es/hd_510x_/img_pim_food/682171_00_1.jpg
https://www.carrefour.es/supermercado/whisky-lagavulin-escoces-16-anos-70-cl/R-546003675/p,Lagavulin Whisky,"109,00 €",,"155,71 €/l",,Bebidas,Alcoholes,Whisky y Bourbon,https://static.carrefour.es/hd_510x_/img_pim_food/172542_00_1.jpg
https://www.carrefour.es/supermercado/cola-carrefour-classic-lata-33-cl/R-VC4AECOMM-720284/p,Cola Carrefour Classic' lata 33 cl.,"0,34 €",,"1,03 €/l
- 2,04 €/6 uds.",,Bebidas,Refrescos,Colas,https://static.carrefour.es/hd_510x_/img_pim_food/720284_00_1.jpg
https://www.carrefour.es/supermercado/verdura-para-paella-congelada-carrefour-450-g/R-720619087/p,Verdura para paella congelada Carrefour 450 g.,"1,24 €",,"2,76 €/kg",,Congelados,Verduras Congeladas,,https://static.carrefour.es/hd_510x_/img_pim_food/643457_00_1.jpg
https://www.carrefour.es/supermercado/salchichas-king-bockwurst-elpozo-sin-gluten-330-g/R-VC4AECOMM-497245/p,Salchichas King bockwurst ElPozo sin gluten 330 g,"2,55 €",,"7,73 €/kg",,Productos Frescos,Charcutería,Salchichas,https://static.carrefour.es/hd_510x_/img_pim_food/497245_00_1.jpg
https://www.carrefour.es/supermercado/agua-de-colonia-ice-dive-adidas-100-ml/R-VC4AECOMM-063353/p,Agua de colonia Ice Dive Adidas 100 ml.,"10,35 €",,"10,35 €/100ml",,Perfumería e Higiene,Baño e Higiene Corporal,Colonias,https://static.carrefour.es/hd_510x_/img_pim_food/063353_00_1.jpg
https://www.carrefour.es/supermercado/mejillon-fresco-cocido-en-salmuera-mares-de-galicia-300-g/R-830827022/p,Mejillón fresco cocido en salmuera Mares de Galicia 300 g,"7,79 €",,"25,97 €/kg",,Productos Frescos,Pescadería,"Marisco, Almejas y Mejillones",https://static.carrefour.es/hd_510x_/img_pim_food/966144_00_1.jpg
https://www.carrefour.es/supermercado/nachos-redondos-old-el-paso-sin-gluten-200-g/R-521006891/p,Nachos redondos Old El Paso sin gluten 200 g.,"3,15 €",,"15,75 €/kg",,La Despensa,Aperitivos,Snacks,https://static.carrefour.es/hd_510x_/img_pim_food/011550_00_1.jpg
https://www.carrefour.es/supermercado/muffin-de-pistacho-1-ud/R-VC4AECOMM-342484/p,Muffin de pistacho 1 ud.,"1,25 €",,"10,42 €/kg",,Productos Frescos,Panadería Tradicional,Bollería Tradicional,https://static.carrefour.es/hd_510x_/img_pim_food/342484_00_1.jpg
https://www.carrefour.es/supermercado/complemento-alimenticio-en-capsulas-de-memory-study-30-ud/R-590504208/p,Complemento alimenticio en cápsulas De Memory Study 30 ud.,"15,85 €",,"31,70 €/100g",,Parafarmacia,Nutrición y Dietética,Complementos Vitamínicos,https://static.carrefour.es/hd_510x_/img_pim_food/259481_00_1.jpg
https://www.carrefour.es/supermercado/dentifrico-fresh-2in1-carrefour-soft-100-ml/R-fprod1470157/p,Dentífrico Fresh 2in1 Carrefour Soft 100 ml.,"1,05 €",,"1,05 €/100ml",,Perfumería e Higiene,Boca y Sonrisa,Dentífricos,https://static.carrefour.es/hd_510x_/img_pim_food/406458_00_1.jpg
https://www.carrefour.es/supermercado/pechuga-de-pollo-certificado-en-filetes-carrefour-500-g-aprox/R-791562919/p,Pechuga de pollo certificado en filetes Carrefour 500 g aprox,"4,34 €",,"8,69 €/kg",,Productos Frescos,Carnicería,Aves y Pollo,https://static.carrefour.es/hd_510x_/img_pim_food/887244_00_1.jpg
https://www.carrefour.es/supermercado/champinones-laminados-bajos-de-sal-carrefour-pack-de-3-unidades-de-115-g/R-546306030/p,Champiñones laminados bajos de sal Carrefour pack de 3 unidades de 115 g.,"2,89 €",,"8,38 €/kg",,La Despensa,"Conservas, Sopas y Precocinados",Conservas de Vegetales,https://static.carrefour.es/hd_510x_/img_pim_food/110129_00_1.jpg
https://www.carrefour.es/supermercado/salsa-carbonara-classic-carrefour-sin-gluten-300-g/R-521005289/p,Salsa carbonara Classic Carrefour sin gluten 300 g.,"1,40 €",,"4,67 €/kg",,La Despensa,Alimentación,Salsas y Tomate Frito,https://static.carrefour.es/hd_510x_/img_pim_food/238074_00_1.jpg
https://www.carrefour.es/supermercado/pan-de-molde-integral-sin-corteza-carrefour-450-g/R-VC4AECOMM-436738/p,Pan de molde integral sin corteza Carrefour 450 g.,"1,30 €",,"2,89 €/kg",,La Despensa,"Panaderia, Bollería y Pastelería",Pan de Molde,https://static.carrefour.es/hd_510x_/img_pim_food/436738_00_1.jpg
https://www.carrefour.es/supermercado/mascarilla-facial-en-gel-detox-iluminadora-y-antipolucion-ecologica-nectar-of-bio-les-cosmetiques-75-ml/R-VC4AECOMM-103426/p,Mascarilla facial en gel détox iluminadora y antipolución ecológica Nectar of Bio Les Cosmétiques 75 ml.,"4,25 €",,"5,67 €/100ml",,Perfumería e Higiene,Cuidado y Protección Corporal,Limpieza Facial,https://static.carrefour.es/hd_510x_/img_pim_food/103426_00_1.jpg
https://www.carrefour.es/supermercado/solucion-micelar-piel-sensible-crealine-h2o-bioderma-500-ml/R-VC4AECOMM-416518/p,Solución micelar piel sensible Crealine H2O Bioderma 500 ml.,"11,89 €",,"2,38 €/100ml",,Parafarmacia,Cuidado e higiene facial,Desmaquillantes,https://static.carrefour.es/hd_510x_/img_pim_food/416518_00_1.jpg
https://www.carrefour.es/supermercado/almejas-al-natural-20-30-cuca-47-g/R-VC4AECOMM-467687/p,Almejas al natural 20/30 Cuca 47 g.,"5,99 €",,"127,45 €/kg",,La Despensa,"Conservas, Sopas y Precocinados",Conservas de Pescado y Marisco,https://static.carrefour.es/hd_510x_/img_pim_food/467687_00_1.jpg
https://www.carrefour.es/supermercado/gazpacho-original-alvalle-pack-de-2-unidades-de-1-l/R-531202018/p,Gazpacho original Alvalle pack de 2 unidades de 1 l.,"6,25 €",,"3,12 €/l",,La Despensa,"Conservas, Sopas y Precocinados",Gazpacho y Salmorejo,https://static.carrefour.es/hd_510x_/img_pim_food/711471_00_1.jpg
https://www.carrefour.es/supermercado/desodorante-en-spray-antitranspirante-bright-bouquet-72h-advanced-protection-rexona-200-ml/R-VC4AECOMM-814467/p,Desodorante en spray antitranspirante bright bouquet 72h Advanced Protection Rexona 200 ml.,"3,75 €",,"1,87 €/100ml",,Perfumería e Higiene,Baño e Higiene Corporal,Desodorantes,https://static.carrefour.es/hd_510x_/img_pim_food/814467_00_1.jpg
https://www.carrefour.es/supermercado/alubia-rinon-cocida-categoria-extra-de-nuestra-tierra-400-g/R-521005491/p,Alubia riñón cocida categoría extra De Nuestra Tierra 400 g.,"1,71 €",,"4,27 €/kg",,La Despensa,Alimentación,Legumbres,https://static.carrefour.es/hd_510x_/img_pim_food/540114_00_1.jpg
https://www.carrefour.es/supermercado/datil-deshuesado-a-granel-500-g-aprox/R-prod750077/p,Datil deshuesado a granel 500 g aprox,"3,95 €",,"7,90 €/kg",,La Despensa,Aperitivos,Frutas Desecadas,https://static.carrefour.es/hd_510x_/img_pim_food/172549_00_1.jpg
https://www.carrefour.es/supermercado/escoba-para-moqueta-carrefour-gris/R-655302060/p,Escoba para Moqueta Carrefour - Gris,"4,65 €",,"4,65 €/ud",,Limpieza y Hogar,Utensilios de Limpieza,"Escobas, Mopas y Recogedores",https://static.carrefour.es/hd_510x_/img_pim_food/810891_00_1.jpg
https://www.carrefour.es/supermercado/aperitivo-de-patata-pajitas-sensation-carrefour-75-g/R-VC4AECOMM-724479/p,Aperitivo de patata Pajitas Sensation Carrefour 75 g.,"0,80 €",,"10,67 €/kg",,La Despensa,Aperitivos,Snacks,https://static.carrefour.es/hd_510x_/img_pim_food/724479_00_1.jpg
https://www.carrefour.es/supermercado/jamon-cocido-extra-en-lonchas-bajo-en-grasa-el-pozo-sin-gluten-sin-lactosa-200-g/R-VC4AECOMM-710118/p,Jamón cocido extra en lonchas bajo en grasa El Pozo sin gluten sin lactosa 200 g.,"3,05 €",,"15,25 €/kg",,Productos Frescos,Charcutería,Jamón Cocido y Lacón,https://static.carrefour.es/hd_510x_/img_pim_food/710118_00_1.jpg
https://www.carrefour.es/supermercado/sazonador-para-pollo-de-hierbas-provenzales-jugoso-al-horno-maggi-34-g/R-529039576/p,Sazonador para pollo de hierbas provenzales Jugoso al Horno Maggi 34 g.,"1,10 €",,"32,35 €/kg",,La Despensa,Alimentación,Especias y Sazonadores,https://static.carrefour.es/hd_510x_/img_pim_food/156121_00_1.jpg
https://www.carrefour.es/supermercado/contorno-de-ojos-tratamiento-anti-edad-xhekpon-15-ml/R-679501711/p,Contorno de ojos tratamiento anti-edad Xhekpon 15 ml.,"20,90 €",,"139,33 €/100ml",,Parafarmacia,Cuidado e higiene facial,Cremas faciales,https://static.carrefour.es/hd_510x_/img_pim_food/057358_00_1.jpg
https://www.carrefour.es/supermercado/queso-mezcla-anejo-picante-queso-real-300-g/R-VC4AECOMM-430685/p,Queso mezcla añejo picante Queso Real 300 g,"5,05 €",,"16,83 €/kg",,Productos Frescos,Quesos,Todos los Quesos,https://static.carrefour.es/hd_510x_/img_pim_food/430685_00_1.jpg
https://www.carrefour.es/supermercado/crema-facial-hidratante-hidraderm-sesderma-50-ml/R-651402192/p,Crema facial hidratante Hidraderm Sesderma 50 ml.,"32,20 €",,"64,40 €/100ml",,Parafarmacia,Cuidado e higiene facial,Cremas faciales,https://static.carrefour.es/hd_510x_/img_pim_food/108153_00_1.jpg
https://www.carrefour.es/supermercado/gyozas-de-pollo-carrefour-sensation-170-g/R-VC4AECOMM-398906/p,Gyozas de pollo Carrefour Sensation 170 g.,"3,45 €",,"20,29 €/kg",,La Despensa,"Conservas, Sopas y Precocinados",Masa Fresca y Bases,https://static.carrefour.es/hd_510x_/img_pim_food/398906_00_1.jpg
https://www.carrefour.es/supermercado/geles-dulces-multicolor-vidal-290-g/R-686701702/p,Geles dulces multicolor Vidal 290 g.,"3,99 €",,"13,76 €/kg",,La Despensa,Dulce,Dulces y Golosinas,https://static.carrefour.es/hd_510x_/img_pim_food/078089_00_1.jpg
https://www.carrefour.es/supermercado/queso-fundido-en-lonchas-light-tranchettes-la-vaca-que-rie-sin-gluten-2625-g/R-782678488/p,Queso fundido en lonchas light Tranchettes La Vaca Que Ríe sin gluten 262.5 g.,"2,85 €",,"10,88 €/kg",,Productos Frescos,Quesos,Fundidos,https://static.carrefour.es/hd_510x_/img_pim_food/869450_00_1.jpg
https://www.carrefour.es/supermercado/cepillo-de-fregar-carrefour-gris/R-609302088/p,Cepillo de Fregar Carrefour - Gris,"1,99 €",,"1,99 €/ud",,Limpieza y Hogar,Utensilios de Limpieza,Otros útiles,https://static.carrefour.es/hd_510x_/img_pim_food/179351_00_1.jpg
https://www.carrefour.es/supermercado/gel-de-higiene-intima-con-extracto-de-calendula-ecologica-carrefour-soft-bio-200-ml/R-VC4AECOMM-599827/p,Gel de higiene intima con extracto de caléndula ecológica Carrefour Soft Bio 200 ml.,"3,09 €",,"1,54 €/100ml",,Perfumería e Higiene,Higiene íntima,Toallitas y geles íntimos,https://static.carrefour.es/hd_510x_/img_pim_food/599827_00_1.jpg
https://www.carrefour.es/supermercado/corvina-circulo-de-calidad-2-kg-aprox/R-fprod1260183/p,Corvina Círculo de Calidad 2 kg aprox,"19,90 €",,,,Productos Frescos,Pescadería,Pescado Fresco,https://static.carrefour.es/hd_510x_/img_pim_food/320145_00_1.jpg
https://www.carrefour.es/supermercado/compresas-normal-con-alas-liberty-evax-12-ud/R-prod260476/p,Compresas normal con alas Liberty Evax 12 ud.,"3,55 €",,"0,30 €/ud",,Perfumería e Higiene,Higiene íntima,Compresas,https://static.carrefour.es/hd_510x_/img_pim_food/293466_00_1.jpg
https://www.carrefour.es/supermercado/crema-depilatoria-con-aceite-de-semilla-de-albaricoque-y-manteca-de-karite-para-pieles-normales-carrefour-soft/R-VC4AECOMM-570073/p,Crema depilatoria con aceite de semilla de albaricoque y manteca de karité para pieles normales Carrefour Soft,"3,79 €",,"1,89 €/100ml",,Perfumería e Higiene,Depilación y Afeitado,Depilación,https://static.carrefour.es/hd_510x_/img_pim_food/570073_00_1.jpg
https://www.carrefour.es/supermercado/laca-fijacion-fuerte-de-larga-duracion-carrefour-soft-300-ml/R-prod640042/p,Laca fijación fuerte de larga duración Carrefour Soft 300 ml.,"1,31 €",,"0,44 €/100ml",,Perfumería e Higiene,Cabello,Fijadores,https://static.carrefour.es/hd_510x_/img_pim_food/843759_00_1.jpg
https://www.carrefour.es/supermercado/licor-cointreau-70-cl/R-521028350/p,Licor Cointreau 70 cl.,"19,65 €",,"28,07 €/l",,,,,https://static.carrefour.es/hd_510x_/img_pim_food/000379_00_1.jpg
https://www.carrefour.es/supermercado/after-shave-balsamo-hidratante-protege-cuida-nivea-men-100-ml/R-521000882/p,After shave bálsamo hidratante Protege & Cuida Nivea Men 100 ml.,"5,95 €",,"5,95 €/100ml",,Perfumería e Higiene,Depilación y Afeitado,After Shave,https://static.carrefour.es/hd_510x_/img_pim_food/001182_00_1.jpg
https://www.carrefour.es/supermercado/queso-edam-cheddar-y-emmenthal-tierno-en-porciones-mini-babybel-180-g/R-VC4AECOMM-644686/p,"Queso Edam, Cheddar y Emmenthal tierno en porciones Mini Babybel 180 g","4,74 €",,"26,33 €/kg",,Productos Frescos,Quesos,Tierno,https://static.carrefour.es/hd_510x_/img_pim_food/644686_00_1.jpg
https://www.carrefour.es/supermercado/gel-wc-con-lejia-y-espuma-limpiadora-marine-extra-power-pato-750-ml/R-867102830/p,Gel WC con lejía y espuma limpiadora marine Extra Power Pato 750 ml.,"3,79 €",,"5,05 €/l",,Limpieza y Hogar,Productos para Baño,WC,https://static.carrefour.es/hd_510x_/img_pim_food/165388_00_1.jpg
https://www.carrefour.es/supermercado/gel-de-ducha-hidratante-10-urea-piel-seca-carrefour-soft-500-ml/R-prod1070628/p,Gel de ducha hidratante 10 % urea piel seca Carrefour Soft 500 ml.,"1,99 €",,"0,40 €/100ml",,Perfumería e Higiene,Baño e Higiene Corporal,Geles de Baño,https://static.carrefour.es/hd_510x_/img_pim_food/140492_00_1.jpg
https://www.carrefour.es/supermercado/cafe-capsulas-pike-place-starbucks-compatible-con-nespresso-10-ud/R-prod1161130/p,Café cápsulas pike place Starbucks compatible con Nespresso 10 ud.,"3,89 €",,"73,40 €/kg",,La Despensa,Desayuno,Cafés,https://static.carrefour.es/hd_510x_/img_pim_food/213165_00_1.jpg
https://www.carrefour.es/supermercado/panuelo-mini-carrefour-15-ud/R-750302845/p,Pañuelo mini Carrefour 15 ud.,"1,58 €",,"0,11 €/ud",,Limpieza y Hogar,Papel y Celulosa,Pañuelos,https://static.carrefour.es/hd_510x_/img_pim_food/759423_00_1.jpg
https://www.carrefour.es/supermercado/caldo-casero-de-pollo-gallina-blanca-sin-gluten-pack-de-4-brik-de-1-l/R-682801675/p,Caldo casero de pollo Gallina Blanca sin gluten pack de 4 brik de 1 l.,"8,15 €",,"2,04 €/l",,La Despensa,"Conservas, Sopas y Precocinados","Caldos, Sopas y Pure",https://static.carrefour.es/hd_510x_/img_pim_food/069358_00_1.jpg
https://www.carrefour.es/supermercado/cafe-soluble-descafeinado-100-arabica-nescafe-gold-100-g/R-526510883/p,Café soluble descafeinado 100% arábica Nescafé Gold 100 g.,"7,39 €",,"73,90 €/kg",,La Despensa,Desayuno,Cafés,https://static.carrefour.es/hd_510x_/img_pim_food/150305_00_1.jpg
https://www.carrefour.es/supermercado/crema-de-manos-urea-instituto-espanol-75-ml/R-846800516/p,Crema de manos urea Instituto Español 75 ml.,"2,35 €",,"3,13 €/100ml",,Perfumería e Higiene,Cuidado y Protección Corporal,Piel,https://static.carrefour.es/hd_510x_/img_pim_food/021566_00_1.jpg
https://www.carrefour.es/supermercado/cachuetes-fritos-carrefour-250-g/R-VC4AECOMM-618107/p,Cachuetes fritos Carrefour 250 g.,"0,99 €",,"3,96 €/kg",,La Despensa,Aperitivos,Frutos Secos,https://static.carrefour.es/hd_510x_/img_pim_food/618107_00_1.jpg
https://www.carrefour.es/supermercado/zumo-de-pina-manzana-y-uva-carrefour-pack-de-6-briks-de-20-cl/R-621101711/p,"Zumo de piña, manzana y uva Carrefour pack de 6 briks de 20 cl.","1,40 €",,"1,17 €/l",,Bebidas,Aguas y Zumos,Zumos no Refrigerados,https://static.carrefour.es/hd_510x_/img_pim_food/703538_00_1.jpg
https://www.carrefour.es/supermercado/queso-tierno-en-tiras-original-pik-nik-kids-80-g/R-VC4AECOMM-618947/p,Queso tierno en tiras Original Pik-Nik Kids 80 g.,"2,50 €",,"31,25 €/kg",,Productos Frescos,Quesos,Tierno,https://static.carrefour.es/hd_510x_/img_pim_food/618947_00_1.jpg
https://www.carrefour.es/supermercado/cepillo-interdental-super-micro-interprox-6-ud/R-590504028/p,Cepillo interdental super micro Interprox 6 ud.,"5,39 €",,"0,90 €/ud",,Parafarmacia,Higiene Bucal,Cepillos y Seda,https://static.carrefour.es/hd_510x_/img_pim_food/254691_00_1.jpg
https://www.carrefour.es/supermercado/arroz-para-caldosos-sos-500-g/R-678901849/p,Arroz para caldosos Sos 500 g.,"1,60 €",,"3,20 €/kg",,La Despensa,Alimentación,Arroz y Cous Cous,https://static.carrefour.es/hd_510x_/img_pim_food/051682_00_1.jpg
https://www.carrefour.es/supermercado/arroz-largo-aromatico-kamalis-sos-500-g/R-prod620641/p,Arroz largo aromático Kamalis SOS 500 g.,"1,56 €",,"3,12 €/kg",,La Despensa,Alimentación,Arroz y Cous Cous,https://static.carrefour.es/hd_510x_/img_pim_food/399008_00_1.jpg
https://www.carrefour.es/supermercado/hinojo-en-bolsitas-pompadour-20-ud/R-546305876/p,Hinojo en bolsitas Pompadour 20 ud.,"2,95 €",,"73,75 €/kg",,La Despensa,Desayuno,Infusiones y Tés,https://static.carrefour.es/hd_510x_/img_pim_food/033092_00_1.jpg
https://www.carrefour.es/supermercado/zumo-california-sunny-delight-125-l/R-715627914/p,"Zumo California Sunny Delight 1,25 l.","1,95 €",,"1,56 €/l",,Bebidas,Aguas y Zumos,Zumos Refrigerados,https://static.carrefour.es/hd_510x_/img_pim_food/489202_00_1.jpg
https://www.carrefour.es/supermercado/jamon-de-pavo-pieza-simply-sin-gluten-sin-lactosa-400-g/R-VC4AECOMM-709251/p,Jamón de pavo pieza Simply sin gluten sin lactosa 400 g.,"1,95 €",,"4,87 €/kg",,Productos Frescos,Charcutería,Fiambre de Pavo y Pollo,https://static.carrefour.es/hd_510x_/img_pim_food/709251_00_1.jpg
https://www.carrefour.es/supermercado/vitakraft-barritas-para-periquitos-energia-2-uds/R-553703590/p,Vitakraft Barritas para Periquitos Energía 2 uds,"1,66 €",,"0,83 €/ud",,Mascotas,Pájaros,Pienso para pájaros,https://static.carrefour.es/hd_510x_/img_pim_food/406961_00_1.jpg
https://www.carrefour.es/supermercado/galletas-rellenas-de-crema-sabor-vainilla-oreo-160-g/R-VC4AECOMM-682192/p,Galletas rellenas de crema sabor vainilla Oreo 160 g.,"1,95 €",,"12,19 €/kg",,La Despensa,Desayuno,Galletas,https://static.carrefour.es/hd_510x_/img_pim_food/682192_00_1.jpg
https://www.carrefour.es/supermercado/desodorante-en-crema-antitranspirante-maximum-protection-soft-solid-confidence-rexona-45-ml/R-699901795/p,Desodorante en crema antitranspirante Maximum Protection Soft Solid Confidence Rexona 45 ml.,"4,65 €",,"10,33 €/100ml",,Perfumería e Higiene,Baño e Higiene Corporal,Desodorantes,https://static.carrefour.es/hd_510x_/img_pim_food/385971_00_1.jpg
https://www.carrefour.es/supermercado/toallitas-dermohidratantes-suavinex-72-ud/R-VC4AECOMM-649318/p,Toallitas dermohidratantes Suavinex 72 ud.,"3,15 €",,"0,05 €/ud",,Parafarmacia,Bebé,Toallitas bebé,https://static.carrefour.es/hd_510x_/img_pim_food/649318_00_1.jpg
https://www.carrefour.es/supermercado/salsa-taquera-herdez-botella-240-g/R-prod740085/p,Salsa taquera Herdez botella 240 g.,"3,35 €",,"13,96 €/kg",,La Despensa,Alimentación,Salsas y Tomate Frito,https://static.carrefour.es/hd_510x_/img_pim_food/359940_00_1.jpg
https://www.carrefour.es/supermercado/papel-de-cocina-love-the-bee-foxy-2-rollos/R-VC4AECOMM-189483/p,Papel de cocina Love The Bee Foxy 2 rollos,"2,19 €",,"1,09 €/ud",,Limpieza y Hogar,Papel y Celulosa,Papel Cocina y Multiusos,https://static.carrefour.es/hd_510x_/img_pim_food/189483_00_1.jpg
https://www.carrefour.es/supermercado/braseado-verdura-con-pollo-carrefour-450-g/R-521031715/p,Braseado Verdura con pollo Carrefour 450 g.,"2,39 €",,"5,31 €/kg",,Congelados,Verduras Congeladas,,https://static.carrefour.es/hd_510x_/img_pim_food/796499_00_1.jpg
https://www.carrefour.es/supermercado/azucar-glace-azucarera-500-g/R-819114724/p,Azúcar glacé Azucarera 500 g.,"2,95 €",,"5,90 €/kg",,La Despensa,Desayuno,Azúcar y Edulcorantes,https://static.carrefour.es/hd_510x_/img_pim_food/951323_00_1.jpg
https://www.carrefour.es/supermercado/espaguetis-de-trigo-sarraceno-ecologicos-ecocesta-sin-gluten-500-g/R-prod1023094/p,Espaguetis de trigo sarraceno ecológicos Ecocesta sin gluten 500 g.,"5,79 €",,"11,58 €/kg",,La Despensa,Alimentación,Pastas,https://static.carrefour.es/hd_510x_/img_pim_food/104983_00_1.jpg
https://www.carrefour.es/supermercado/banador-panal-agatha-ruiz-de-la-prada-ts-7-kg-13-kg-12-ud/R-VC4AECOMM-411273/p,Bañador pañal Agatha Ruiz de la Prada TS (7 kg-13 kg) 12 ud.,"6,19 €",,"0,52 €/ud",,Bebé,Pañales y Toallitas,Otras Marcas,https://static.carrefour.es/hd_510x_/img_pim_food/411273_00_1.jpg
https://www.carrefour.es/supermercado/chocolate-con-leche-relleno-de-caramelo-y-cacahuetes-milka-276-g/R-852900558/p,Chocolate con leche relleno de caramelo y cacahuetes Milka 276 g.,"4,29 €",,"15,54 €/kg",,,,,https://static.carrefour.es/hd_510x_/img_pim_food/063358_00_1.jpg
https://www.carrefour.es/supermercado/pistacho-tostado-de-nuestra-tierra-90-g/R-VC4AECOMM-202576/p,Pistacho tostado De Nuestra Tierra 90 g.,"2,19 €",,"24,33 €/kg",,La Despensa,Aperitivos,Frutos Secos,https://static.carrefour.es/hd_510x_/img_pim_food/202576_00_1.jpg
https://www.carrefour.es/supermercado/patatas-fritas-sabor-chili-y-lima-classic-carrefour-130-g/R-VC4AECOMM-088644/p,Patatas fritas sabor chili y lima Classic Carrefour 130 g.,"1,27 €",,"9,77 €/kg",,La Despensa,Aperitivos,Patatas Fritas,https://static.carrefour.es/hd_510x_/img_pim_food/088644_00_1.jpg
https://www.carrefour.es/supermercado/gel-de-ducha-sales-minerales-carrefour-750-ml/R-prod1070622/p,Gel de ducha Sales minerales Carrefour 750 ml.,"1,39 €",,"0,19 €/100ml",,Perfumería e Higiene,Baño e Higiene Corporal,Geles de Baño,https://static.carrefour.es/hd_510x_/img_pim_food/141084_00_1.jpg
https://www.carrefour.es/supermercado/gamba-arrocera-congelada-500-g-aprox/R-prod250774/p,Gamba arrocera congelada 500 g aprox,"6,99 €",,"13,99 €/kg",,Congelados,Mariscos Congelados,,https://static.carrefour.es/hd_510x_/img_pim_food/310287_00_1.jpg
https://www.carrefour.es/supermercado/cacao-soluble-instantaneo-carrefour-sin-gluten-900-g/R-VC4AECOMM-476434/p,Cacao soluble instantáneo Carrefour sin gluten 900 g.,"3,29 €",,"3,66 €/kg",,La Despensa,Desayuno,Cacaos y Cereales Solubles,https://static.carrefour.es/hd_510x_/img_pim_food/476434_00_1.jpg
https://www.carrefour.es/supermercado/calabacin-estilo-provenzal-extra-carrefour-530-g/R-VC4AECOMM-259189/p,Calabacín estilo provenzal Extra Carrefour 530 g.,"2,45 €",,"4,62 €/kg",,La Despensa,"Conservas, Sopas y Precocinados",Platos Preparados,https://static.carrefour.es/hd_510x_/img_pim_food/259189_00_1.jpg
https://www.carrefour.es/supermercado/barritas-de-chocolate-con-leche-cacahuete-caramelo-y-turron-snickers-10-ud/R-VC4AECOMM-747639/p,"Barritas de chocolate con leche, cacahuete, caramelo y turrón Snickers 10 ud.","6,45 €",,"12,90 €/kg",,La Despensa,Dulce,Bombones y Chocolates,https://static.carrefour.es/hd_510x_/img_pim_food/747639_00_1.jpg
https://www.carrefour.es/supermercado/chocolate-con-leche-avellanas-y-pasas-lindt-200-g/R-VC4AECOMM-381287/p,"Chocolate con leche, avellanas y pasas Lindt 200 g.","4,35 €",,"21,75 €/kg",,La Despensa,Dulce,Bombones y Chocolates,https://static.carrefour.es/hd_510x_/img_pim_food/381287_00_1.jpg
https://www.carrefour.es/supermercado/mini-bombon-helado-clasico-almendras-y-chocolate-blanco-magnum-sin-gluten-10-ud/R-551801763/p,"Mini bombón helado clásico, almendras y chocolate blanco Magnum sin gluten 10 ud.","8,25 €",,"0,82 €/ud",,Congelados,Helados,Bombón Helado,https://static.carrefour.es/hd_510x_/img_pim_food/054500_00_1.jpg
https://www.carrefour.es/supermercado/colutorio-blanqueadora-vitis-500-ml/R-prod67608/p,Colutorio blanqueadora Vitis 500 ml.,"10,75 €",,"2,15 €/100ml",,Parafarmacia,Higiene Bucal,Colutorio,https://static.carrefour.es/hd_510x_/img_pim_food/773435_00_1.jpg
https://www.carrefour.es/supermercado/caramelos-sabor-sandia-sin-azucar-halls-128-g/R-prod90522/p,Caramelos sabor sandía sin azúcar Halls 128 g.,"2,45 €",,"19,14 €/kg",,La Despensa,Dulce,Dulces y Golosinas,https://static.carrefour.es/hd_510x_/img_pim_food/928298_00_1.jpg
https://www.carrefour.es/supermercado/papel-de-cocina-design-xxl-renova-3-rollos/R-814300527/p,Papel de cocina Design XXL Renova 3 rollos.,"4,59 €",,"1,53 €/ud",,Limpieza y Hogar,Papel y Celulosa,Papel Cocina y Multiusos,https://static.carrefour.es/hd_510x_/img_pim_food/938087_00_1.jpg
https://www.carrefour.es/supermercado/pudding-sabor-a-chocolate-arla-protein-200-g/R-VC4AECOMM-395388/p,Pudding sabor a chocolate Arla Protein 200 g.,"2,15 €",,"10,75 €/kg",,La Despensa,Yogures y Postres,,https://static.carrefour.es/hd_510x_/img_pim_food/395388_00_1.jpg
https://www.carrefour.es/supermercado/plantillas-confort-piel-natural-carrefour-expert-1-par/R-521001076/p,Plantillas confort piel natural Carrefour Expert 1 par.,"4,05 €",,"4,05 €/ud",,Limpieza y Hogar,Calzado,Plantillas de Calzado,https://static.carrefour.es/hd_510x_/img_pim_food/230057_00_1.jpg
https://www.carrefour.es/supermercado/agua-de-azahar-vahine-200-ml/R-530014323/p,Agua de azahar Vahiné 200 ml.,"2,99 €",,"14,95 €/l",,La Despensa,Dulce,"Siropes, Aromas y Decoración",https://static.carrefour.es/hd_510x_/img_pim_food/038991_00_1.jpg
https://www.carrefour.es/supermercado/toallitas-para-bebe-biodegradables-chicco-120-ud/R-VC4AECOMM-501230/p,Toallitas para bebé biodegradables Chicco 120 ud.,"3,19 €",,"0,03 €/ud",,Parafarmacia,Bebé,Toallitas bebé,https://static.carrefour.es/hd_510x_/img_pim_food/501230_00_1.jpg
https://www.carrefour.es/supermercado/chocolate-suizo-con-leche-y-almendras-enteras-premium-lindt-300-g/R-521004280/p,Chocolate suizo con leche y almendras enteras premium Lindt 300 g.,"8,15 €",,"27,17 €/kg",,,,,https://static.carrefour.es/hd_510x_/img_pim_food/624985_00_1.jpg
https://www.carrefour.es/supermercado/gel-anti-rozaduras-sportsalil-30-ml/R-VC4AECOMM-690686/p,Gel anti-rozaduras Sportsalil 30 ml.,"12,75 €",,"42,50 €/100ml",,Parafarmacia,Cuidado corporal,Cremas y Lociones,https://static.carrefour.es/hd_510x_/img_pim_food/690686_00_1.jpg
https://www.carrefour.es/supermercado/ajo-granulado-carrefour-350-g/R-prod710299/p,Ajo granulado Carrefour 350 g.,"3,95 €",,"11,29 €/kg",,La Despensa,Alimentación,Especias y Sazonadores,https://static.carrefour.es/hd_510x_/img_pim_food/851277_00_1.jpg
https://www.carrefour.es/supermercado/bacalao-dorado-marvanejo-sin-gluten-240-g/R-530067158/p,Bacalao dorado Marvanejo sin gluten 240 g.,"3,29 €",,"13,71 €/kg",,Congelados,Pescados Congelados,,https://static.carrefour.es/hd_510x_/img_pim_food/075453_00_1.jpg
https://www.carrefour.es/supermercado/bolsas-de-basura-ultra-resistente-carrefour-expert-50l-15-ud/R-VC4AECOMM-316292/p,Bolsas de Basura Ultra Resistente CARREFOUR EXPERT 50L 15 ud,"2,59 €",,"0,17 €/ud",,Limpieza y Hogar,Utensilios de Limpieza,Bolsas de Basura,https://static.carrefour.es/hd_510x_/img_pim_food/316292_00_1.jpg
https://www.carrefour.es/supermercado/butifarra-carrefour-500-g-aprox/R-VC4AECOMM-058975/p,Butifarra Carrefour 500 g aprox,"4,37 €",,"8,75 €/kg",,Productos Frescos,Carnicería,Embutidos Frescos,https://static.carrefour.es/hd_510x_/img_pim_food/058975_00_1.jpg
https://www.carrefour.es/supermercado/caldo-de-pollo-avecrem-gallina-blanca-sin-gluten-30-pastillas/R-521029239/p,Caldo de pollo Avecrem Gallina Blanca sin gluten 30 pastillas,"3,69 €",,"12,30 €/kg",,La Despensa,"Conservas, Sopas y Precocinados","Caldos, Sopas y Pure",https://static.carrefour.es/hd_510x_/img_pim_food/790538_00_1.jpg
https://www.carrefour.es/supermercado/sopa-thai-de-quinoa-trevijano-sin-gluten-200-g/R-837010500/p,Sopa Thai de quinoa Trevijano sin gluten 200 g,"3,52 €",,"17,60 €/kg",,Productos Frescos,Verduras y hortalizas,Ensaladas y Verduras Preparadas,https://static.carrefour.es/hd_510x_/img_pim_food/974444_00_1.jpg
https://www.carrefour.es/supermercado/espinacas-sin-sal-anadida-carrefour-425-g/R-fprod1360340/p,Espinacas sin sal añadida Carrefour 425 g.,"1,41 €",,"3,32 €/kg",,La Despensa,"Conservas, Sopas y Precocinados",Conservas de Vegetales,https://static.carrefour.es/hd_510x_/img_pim_food/341975_00_1.jpg
https://www.carrefour.es/supermercado/champu-en-seco-todo-tipo-de-cabellos-volumen-carrefour-150-ml/R-prod720132/p,Champú en seco todo tipo de cabellos Volumen Carrefour 150 ml.,"1,66 €",,"1,11 €/100ml",,Perfumería e Higiene,Cabello,Champús,https://static.carrefour.es/hd_510x_/img_pim_food/852013_00_1.jpg
https://www.carrefour.es/supermercado/masa-para-mini-pizza-buitoni-265-g/R-651701660/p,Masa para mini pizza Buitoni 265 g.,"2,15 €",,"8,11 €/kg",,La Despensa,"Conservas, Sopas y Precocinados",Masa Fresca y Bases,https://static.carrefour.es/hd_510x_/img_pim_food/129184_00_1.jpg
https://www.carrefour.es/supermercado/chocolate-con-leche-intenso-40-cacao-extrafino-nestle-sin-gluten-125-g/R-prod1110088/p,Chocolate con leche intenso 40% cacao extrafino Nestlé sin gluten 125 g.,"2,15 €",,"17,20 €/kg",,La Despensa,Dulce,Bombones y Chocolates,https://static.carrefour.es/hd_510x_/img_pim_food/150855_00_1.jpg
https://www.carrefour.es/supermercado/cubo-de-fregar-con-escurridor-14l-carrefour/R-825606275/p,Cubo de Fregar con Escurridor 14L CARREFOUR,"4,45 €",,"4,45 €/ud",,Limpieza y Hogar,Utensilios de Limpieza,Cubos de Fregar y Barreños,https://static.carrefour.es/hd_510x_/img_pim_food/949994_00_1.jpg
https://www.carrefour.es/supermercado/cafe-soluble-natural-nescafe-classic-100-g/R-522713635/p,Café soluble natural Nescafé Classic 100 g.,"4,29 €",,"42,90 €/kg",,La Despensa,Desayuno,Cafés,https://static.carrefour.es/hd_510x_/img_pim_food/001721_00_1.jpg
https://www.carrefour.es/supermercado/nectar-de-melocoton-juver-brik-2-l/R-636501711/p,Néctar de melocotón Juver brik 2 l.,"1,74 €",,"0,87 €/l",,Bebidas,Aguas y Zumos,Zumos no Refrigerados,https://static.carrefour.es/hd_510x_/img_pim_food/260677_00_1.jpg
https://www.carrefour.es/supermercado/panales-dodot-activity-t6-14-kg-44-ud/R-prod1170099/p,Pañales Dodot Activity T6 (14+ Kg) 44 ud.,"32,00 €",,"0,73 €/ud",,Bebé,Pañales y Toallitas,Pañales Dodot,https://static.carrefour.es/hd_510x_/img_pim_food/215544_00_1.jpg
https://www.carrefour.es/supermercado/chocolate-negro-especial-postres-carrefour-original-200-g/R-543602388/p,Chocolate negro especial postres Carrefour Original 200 g.,"2,39 €",,"11,95 €/kg",,La Despensa,Dulce,Bombones y Chocolates,https://static.carrefour.es/hd_510x_/img_pim_food/509230_00_1.jpg
https://www.carrefour.es/supermercado/cepillo-dental-interproximales-plus-micro-09-10-ud/R-590502776/p,Cepillo dental interproximales plus micro 0.9 10 ud.,"9,75 €",,"0,97 €/ud",,Parafarmacia,Higiene Bucal,Cepillos y Seda,https://static.carrefour.es/hd_510x_/img_pim_food/161574_00_1.jpg
https://www.carrefour.es/supermercado/aceite-para-la-celulitis-de-abedul-weleda-100-ml/R-VC4AECOMM-654451/p,Aceite para la celulitis de abedul Weleda 100 ml.,"21,60 €",,"21,60 €/100ml",,Parafarmacia,Cuidado corporal,Cremas y Lociones,https://static.carrefour.es/hd_510x_/img_pim_food/654451_00_1.jpg
https://www.carrefour.es/supermercado/tostadas-integrales-airos-sin-gluten-sin-lactosa-225-g/R-VC4AECOMM-195472/p,Tostadas integrales Airos sin gluten sin lactosa 225 g.,"5,39 €",,"23,96 €/kg",,La Despensa,"Panaderia, Bollería y Pastelería",Pan Perrito y Burguer,https://static.carrefour.es/hd_510x_/img_pim_food/195472_00_1.jpg
https://www.carrefour.es/supermercado/whisky-loch-castle-escoces-70-cl/R-prod100158/p,Whisky Loch Castle escocés 70 cl.,"5,99 €",,"8,56 €/l",,Bebidas,Alcoholes,Whisky y Bourbon,https://static.carrefour.es/hd_510x_/img_pim_food/224635_00_1.jpg
https://www.carrefour.es/supermercado/conos-con-helado-de-soja-valsoia-sin-lactosa-4-ud/R-prod190307/p,Conos con helado de soja Valsoia sin lactosa 4 ud.,"5,89 €",,"1,47 €/ud",,Congelados,Helados,Conos,https://static.carrefour.es/hd_510x_/img_pim_food/226154_00_1.jpg
https://www.carrefour.es/supermercado/aperitivo-de-maiz-sabor-tijuana-boom-grefusa-95-g/R-VC4AECOMM-465699/p,Aperitivo de maíz sabor tijuana Boom Grefusa 95 g.,"1,94 €",,"22,82 €/kg",,La Despensa,Aperitivos,Snacks,https://static.carrefour.es/hd_510x_/img_pim_food/465699_00_1.jpg
https://www.carrefour.es/supermercado/tomate-frito-ecologico-carrefour-bio-sin-gluten-tarro-340-g/R-526538957/p,Tomate frito ecológico Carrefour Bio sin gluten tarro 340 g.,"2,19 €",,"6,44 €/kg",,La Despensa,Alimentación,Salsas y Tomate Frito,https://static.carrefour.es/hd_510x_/img_pim_food/512107_00_1.jpg
https://www.carrefour.es/supermercado/filete-de-salmon-dimar-360-g/R-VC4AECOMM-542117/p,Filete de salmón Dimar 360 g.,"6,49 €",,"16,22 €/kg",,Congelados,Pescados Congelados,,https://static.carrefour.es/hd_510x_/img_pim_food/542117_00_1.jpg
https://www.carrefour.es/supermercado/fuet-original-navidul-150-g/R-VC4AECOMM-710006/p,Fuet original Navidul 150 g.,"3,15 €",,"21,00 €/kg",,Productos Frescos,Charcutería,"Chorizo, Lomo y Otros",https://static.carrefour.es/hd_510x_/img_pim_food/710006_00_1.jpg
https://www.carrefour.es/supermercado/fideos-orientales-de-pollo-al-curry-sensation-carrefour-65-g/R-VC4AECOMM-637210/p,Fideos orientales de pollo al curry Sensation Carrefour 65 g.,"0,85 €",,"13,08 €/kg",,La Despensa,"Conservas, Sopas y Precocinados",Platos Preparados,https://static.carrefour.es/hd_510x_/img_pim_food/637210_00_1.jpg
https://www.carrefour.es/supermercado/agua-de-colonia-aguas-masculinas-n-2-frescor-extremo-victorio-lucchino-150-ml/R-prod67579/p,Agua de colonia Aguas Masculinas nº 2 Frescor Extremo Victorio & Lucchino 150 ml.,"14,09 €",,"9,39 €/100ml",,Perfumería e Higiene,Baño e Higiene Corporal,Colonias,https://static.carrefour.es/hd_510x_/img_pim_food/209202_00_1.jpg
https://www.carrefour.es/supermercado/chocolate-negro-peru-85-cacao-ecologico-carrefour-bio-100-g/R-VC4AECOMM-382837/p,Chocolate negro Perú 85% cacao ecológico Carrefour Bio 100 g.,"1,99 €",,"19,90 €/kg",,La Despensa,Dulce,Bombones y Chocolates,https://static.carrefour.es/hd_510x_/img_pim_food/382837_00_1.jpg
https://www.carrefour.es/supermercado/cocktail-de-frutos-secos-al-natural-carrefour-original-doy-pack-180-g/R-VC4AECOMM-369723/p,Cocktail de frutos secos al natural Carrefour Original doy pack 180 g.,"2,09 €",,"11,61 €/kg",,La Despensa,Aperitivos,Frutos Secos,https://static.carrefour.es/hd_510x_/img_pim_food/369723_00_1.jpg
https://www.carrefour.es/supermercado/cera-para-el-pelo-x-trema-look-tupe-fijacion-y-textura-giorgi-125-ml/R-801637474/p,Cera para el pelo x-trema look tupé Fijación y Textura Giorgi 125 ml.,"5,85 €",,"4,68 €/100ml",,Perfumería e Higiene,Cabello,Fijadores,https://static.carrefour.es/hd_510x_/img_pim_food/910706_00_1.jpg
https://www.carrefour.es/supermercado/complemento-alimenticio-con-taurina-en-gel-sabor-fresa-y-kiwi-just-loading-sin-gluten-doy-pack-de-3-unidades-de-30-g/R-768101369/p,Complemento alimenticio con taurina en gel sabor fresa y kiwi Just Loading sin gluten doy pack de 3 unidades de 30 g.,"2,29 €",,"25,44 €/kg",,La Despensa,Alimentación,Nutrición deportiva,https://static.carrefour.es/hd_510x_/img_pim_food/776149_00_1.jpg
https://www.carrefour.es/supermercado/compresas-para-incontinencia-de-orina-extra-seguridad-ultra-dia-y-noche-discreet-ausonia-12-ud/R-VC4AECOMM-747803/p,Compresas para incontinencia de orina extra seguridad ultra día y noche Discreet Ausonia 12 ud.,"7,99 €",,"0,67 €/ud",,Perfumería e Higiene,Higiene íntima,Incontinencia,https://static.carrefour.es/hd_510x_/img_pim_food/747803_00_1.jpg
https://www.carrefour.es/supermercado/crema-para-calzado-color-marron-bufalo-75-ml/R-VC4AECOMM-095507/p,Crema para calzado color marrón Búfalo 75 ml.,"3,19 €",,"42,53 €/l",,Limpieza y Hogar,Calzado,Crema,https://static.carrefour.es/hd_510x_/img_pim_food/095507_00_1.jpg
https://www.carrefour.es/supermercado/pina-en-rodajas-en-su-jugo-classic-carreofur-490-g/R-VC4AECOMM-152213/p,Piña en rodajas en su jugo Classic Carreofur 490 g.,"1,95 €",,"3,98 €/kg",,La Despensa,"Conservas, Sopas y Precocinados",Conservas de Frutas,https://static.carrefour.es/hd_510x_/img_pim_food/152213_00_1.jpg
https://www.carrefour.es/supermercado/mayonesa-hellmanns-sin-gluten-y-sin-lactosa-pack-de-2-unidades-de-430-g/R-VC4AECOMM-215626/p,Mayonesa Hellmann's sin gluten y sin lactosa pack de 2 unidades de 430 g.,"6,29 €",,"7,31 €/kg",,La Despensa,Alimentación,Salsas y Tomate Frito,https://static.carrefour.es/hd_510x_/img_pim_food/215626_00_1.jpg
https://www.carrefour.es/supermercado/garbanzos-con-marisco-la-asturiana-495-g/R-VC4AECOMM-172345/p,Garbanzos con marisco La Asturiana 495 g.,"3,95 €",,"7,90 €/kg",,La Despensa,"Conservas, Sopas y Precocinados",Platos Preparados,https://static.carrefour.es/hd_510x_/img_pim_food/172345_00_1.jpg
https://www.carrefour.es/supermercado/bebida-de-soja-con-calcio-calcimel-santiveri-sin-gluten-sin-lactosa-brik-1-l/R-590201645/p,Bebida de soja con calcio Calcimel Santiveri sin gluten sin lactosa brik 1 l.,"2,39 €",,"2,39 €/l",,La Despensa,Lácteos,Bebida Vegetal,https://static.carrefour.es/hd_510x_/img_pim_food/029510_00_1.jpg
https://www.carrefour.es/supermercado/helado-de-dulce-de-leche-haagen-dazs-sin-gluten-460-ml/R-prod1000097/p,Helado de dulce de leche Häagen Dazs sin gluten 460 ml.,"7,25 €",,"18,12 €/kg",,Congelados,Helados,Tarrinas,https://static.carrefour.es/hd_510x_/img_pim_food/075656_00_1.jpg
https://www.carrefour.es/supermercado/brandy-de-jerez-de-nuestra-tierra-solera-gran-reserva-70-cl/R-520663027/p,De Nuestra Tierra Brandy,"28,50 €",,"40,71 €/l",,Bebidas,Alcoholes,Brandy y Coñac,https://static.carrefour.es/hd_510x_/img_pim_food/226910_00_1.jpg
https://www.carrefour.es/supermercado/plumero-xxl-2-recambios-swiffer-1-ud/R-fprod1440103/p,Plumero XXL + 2 recambios Swiffer 1 ud.,"10,69 €",,"10,69 €/ud",,Limpieza y Hogar,Utensilios de Limpieza,"Plumeros, Rodillos y Recambios",https://static.carrefour.es/hd_510x_/img_pim_food/375587_00_1.jpg
https://www.carrefour.es/supermercado/galletas-de-fibra-flora-185-g/R-521002791/p,Galletas de fibra Flora 185 g.,"2,15 €",,"11,62 €/kg",,La Despensa,Desayuno,Galletas,https://static.carrefour.es/hd_510x_/img_pim_food/102661_00_1.jpg
https://www.carrefour.es/supermercado/cafe-molido-natural-saimaza-250-g/R-521002992/p,Café molido natural Saimaza 250 g.,"3,35 €",,"13,40 €/kg",,La Despensa,Desayuno,Cafés,https://static.carrefour.es/hd_510x_/img_pim_food/001710_00_1.jpg
https://www.carrefour.es/supermercado/postre-lacteo-de-fresa-y-manzana-desde-6-meses-nestle-yogolino-sin-gluten-y-sin-azucar-anadido-100-g/R-VC4AECOMM-493257/p,Postre lácteo de fresa y manzana desde 6 meses Nestlé Yogolino sin gluten y sin azúcar añadido 100 g.,"1,47 €",,"14,70 €/kg",,Bebé,Alimentación infantil,"Postres, Zumos, Petit y Yogures Infantiles",https://static.carrefour.es/hd_510x_/img_pim_food/493257_00_1.jpg
https://www.carrefour.es/supermercado/bollitos-rellenos-de-cacao-carrefour-240-g/R-697504589/p,Bollitos rellenos de cacao Carrefour 240 g.,"2,95 €",,"12,29 €/kg",,La Despensa,"Panaderia, Bollería y Pastelería",Bollería,https://static.carrefour.es/hd_510x_/img_pim_food/098355_00_1.jpg
https://www.carrefour.es/supermercado/galleta-dorada-sin-azucares-anadidos-carrefour-460-g/R-VC4AECOMM-593596/p,Galleta dorada sin azúcares añadidos Carrefour 460 g.,"1,72 €",,"3,74 €/kg",,La Despensa,Desayuno,Galletas,https://static.carrefour.es/hd_510x_/img_pim_food/593596_00_1.jpg
https://www.carrefour.es/supermercado/tarta-de-queso-galletas-y-crema-gu-pack-2-unidades-85-g/R-590505094/p,Tarta de queso galletas y crema Gü pack 2 unidades 85 g.,"3,99 €",,"23,47 €/kg",,La Despensa,Yogures y Postres,Otros Postres,https://static.carrefour.es/hd_510x_/img_pim_food/281171_00_1.jpg
https://www.carrefour.es/supermercado/papel-higienico-gigante-scottex-18-rollos/R-823818528/p,Papel higiénico Gigante Scottex 18 rollos.,"16,89 €",,"0,94 €/ud",,Limpieza y Hogar,Papel y Celulosa,Papel Higiénico,https://static.carrefour.es/hd_510x_/img_pim_food/955545_00_1.jpg
https://www.carrefour.es/supermercado/classic-bebida-energetica-lata-50-cl/R-VC4AECOMM-443063/p,Classic Bebida Energética lata 50 cl.,"0,84 €",,"1,68 €/l",,Bebidas,Refrescos,Energéticas,https://static.carrefour.es/hd_510x_/img_pim_food/443063_00_1.jpg
https://www.carrefour.es/supermercado/queso-fresco-natural-campolindo-500-g/R-804031205/p,Queso fresco natural Campolindo 500 g.,"3,32 €",,"6,64 €/kg",,Productos Frescos,Quesos,Todos los Quesos,https://static.carrefour.es/hd_510x_/img_pim_food/762583_00_1.jpg
https://www.carrefour.es/supermercado/crema-de-cacahuete-crujiente-sensation-carrefour-sin-gluten-500-g/R-VC4AECOMM-129177/p,Crema de cacahuete crujiente Sensation Carrefour sin gluten 500 g.,"2,95 €",,"5,90 €/kg",,La Despensa,Dulce,"Cremas de Cacao, Avellana y Cacahuete",https://static.carrefour.es/hd_510x_/img_pim_food/129177_00_1.jpg
https://www.carrefour.es/supermercado/lavavajillas-a-maquina-en-pastillas-clasico-ecologico-carrefour-eco-planet-30-ud/R-VC4AECOMM-364100/p,Lavavajillas a máquina en pastillas clásico ecológico Carrefour Eco Planet 30 ud.,"3,79 €",,"0,13 €/lavado",,Limpieza y Hogar,Productos para Cocina,Lavavajillas a máquina,https://static.carrefour.es/hd_510x_/img_pim_food/364100_00_1.jpg
https://www.carrefour.es/supermercado/kas-zero-de-naranja-sin-azucar-lata-33-cl/R-520660563/p,Kas Zero de naranja sin azúcar lata 33 cl.,"0,70 €",,"2,12 €/l",,Bebidas,Refrescos,Sabores con Gas,https://static.carrefour.es/hd_510x_/img_pim_food/000079_00_1.jpg
https://www.carrefour.es/supermercado/schweppes-de-limon-lata-25-cl/R-833501762/p,Schweppes de limón lata 25 cl.,"0,93 €",,"3,72 €/l",,Bebidas,Refrescos,Sabores con Gas,https://static.carrefour.es/hd_510x_/img_pim_food/969255_00_1.jpg
https://www.carrefour.es/supermercado/pimiento-rojo-ecologico-carrefour-bio-400-g/R-prod930175/p,Pimiento rojo ecológico Carrefour Bio 400 g,"2,09 €",,"5,22 €/kg",,Productos Frescos,Verduras y hortalizas,Hortalizas,https://static.carrefour.es/hd_510x_/img_pim_food/045220_00_1.jpg
https://www.carrefour.es/supermercado/jamon-de-bellota-iberico-100-raza-iberica-cortado-a-cuchillo-80-g/R-613004194/p,Jamón de Bellota Ibérico 100% Raza Ibérica cortado a cuchillo 80 g,"12,80 €",,"160,00 €/kg",,Productos Frescos,Charcutería,Jamón Serrano e Ibérico Envasado,https://static.carrefour.es/hd_510x_/img_pim_food/350447_00_1.jpg
https://www.carrefour.es/supermercado/mentos-limonmint-lata-24-cl/R-VC4AECOMM-358359/p,Mentos limon&mint lata 24 cl.,"1,85 €",,"7,71 €/l",,Bebidas,Refrescos,Sabores sin Gas,https://static.carrefour.es/hd_510x_/img_pim_food/358359_00_1.jpg
https://www.carrefour.es/supermercado/compresas-para-incontinencia-maxi-night-discreet-protect-tena-12-ud/R-720619045/p,Compresas para incontinencia maxi night Discreet Protect+ Tena 12 ud.,"9,49 €",,"0,79 €/ud",,Perfumería e Higiene,Higiene íntima,Incontinencia,https://static.carrefour.es/hd_510x_/img_pim_food/643022_00_1.jpg
https://www.carrefour.es/supermercado/gel-de-ducha-cuidado-fresco-limpieza-delicada-para-una-piel-suave-dove-720-ml/R-VC4AECOMM-376903/p,Gel de ducha cuidado fresco limpieza delicada para una piel suave Dove 720 ml.,"4,95 €",,"0,69 €/100ml",,Perfumería e Higiene,Baño e Higiene Corporal,Geles de Baño,https://static.carrefour.es/hd_510x_/img_pim_food/376903_00_1.jpg
https://www.carrefour.es/supermercado/zumo-de-tomate-granini-pack-3-botellas-de-20-cl/R-520660876/p,Zumo de tomate Granini pack 3 botellas de 20 cl.,"4,35 €",,"7,25 €/l",,Bebidas,Aguas y Zumos,Zumos no Refrigerados,https://static.carrefour.es/hd_510x_/img_pim_food/533802_00_1.jpg
https://www.carrefour.es/supermercado/desodorante-roll-on-dry-impact-nivea-men-50-ml/R-520664744/p,Desodorante roll-on Dry Impact Nivea Men 50 ml.,"2,15 €",,"4,30 €/100ml",,Perfumería e Higiene,Baño e Higiene Corporal,Desodorantes,https://static.carrefour.es/hd_510x_/img_pim_food/019905_00_1.jpg
https://www.carrefour.es/supermercado/salmorejo-con-aceite-de-oliva-virgen-extra-carrefour-pack-de-3-unidades-de-330-ml/R-804974911/p,Salmorejo con aceite de oliva virgen extra Carrefour pack de 3 unidades de 330 ml.,"2,65 €",,"2,68 €/l",,La Despensa,"Conservas, Sopas y Precocinados",Gazpacho y Salmorejo,https://static.carrefour.es/hd_510x_/img_pim_food/919526_00_1.jpg
https://www.carrefour.es/supermercado/suavizante-concentrado-melocoton-y-citricos-flor-twist-78-lavados/R-VC4AECOMM-815301/p,Suavizante concentrado melocotón y cítricos Flor Twist 78 lavados.,"5,05 €",,"0,06 €/lavado",,Limpieza y Hogar,Cuidado de la Ropa,Suavizantes,https://static.carrefour.es/hd_510x_/img_pim_food/815301_00_1.jpg
https://www.carrefour.es/supermercado/cocktail-de-frutos-secos-con-arandanos-original-carrefour-180-g/R-VC4AECOMM-197075/p,Cocktail de frutos secos con arándanos Original Carrefour 180 g.,"2,95 €",,"16,39 €/kg",,La Despensa,Aperitivos,Frutos Secos,https://static.carrefour.es/hd_510x_/img_pim_food/197075_00_1.jpg
https://www.carrefour.es/supermercado/pechuga-de-pavo-braseado-en-finas-lonchas-carrefour-el-mercado-sin-gluten-200-g/R-VC4AECOMM-050761/p,Pechuga de Pavo Braseado en finas lonchas Carrefour El Mercado sin gluten 200 g,"1,99 €",,"9,95 €/kg",,Productos Frescos,Charcutería,Fiambre de Pavo y Pollo,https://static.carrefour.es/hd_510x_/img_pim_food/050761_00_1.jpg
https://www.carrefour.es/supermercado/crema-de-la-huerta-con-verduras-mediterraneas-santa-teresa-sin-gluten-y-sin-lactosa-400-ml/R-VC4AECOMM-438067/p,Crema de la huerta con verduras mediterráneas Santa Teresa sin gluten y sin lactosa 400 ml.,"3,19 €",,"7,97 €/l",,La Despensa,"Conservas, Sopas y Precocinados","Caldos, Sopas y Pure",https://static.carrefour.es/hd_510x_/img_pim_food/438067_00_1.jpg
https://www.carrefour.es/supermercado/barritas-de-surimi-krissia-sin-gluten-sin-lactosa-400-g/R-521031206/p,Barritas de surimi Krissia sin gluten sin lactosa 400 g.,"4,99 €",,"12,47 €/kg",,Congelados,Surimi Congelado,,https://static.carrefour.es/hd_510x_/img_pim_food/511489_00_1.jpg
https://www.carrefour.es/supermercado/peperoncini-relleno-de-queso-ricotta-y-alcaparras-extra-carrefour-200-g/R-VC4AECOMM-110441/p,Peperoncini relleno de queso ricotta y alcaparras Extra Carrefour 200 g.,"5,99 €",,"29,95 €/kg",,La Despensa,Aperitivos,Aceitunas y Encurtidos,https://static.carrefour.es/hd_510x_/img_pim_food/110441_00_1.jpg
https://www.carrefour.es/supermercado/barritas-de-proteinas-con-caramelo-salado-y-frutos-secos-nature-valley-sin-gluten-4-ud/R-prod720228/p,Barritas de proteínas con caramelo salado y frutos secos Nature Valley sin gluten 4 ud.,"4,25 €",,"26,56 €/kg",,La Despensa,Desayuno,Barritas,https://static.carrefour.es/hd_510x_/img_pim_food/852270_00_1.jpg
https://www.carrefour.es/supermercado/leche-semidesnatada-ecologica-carrefour-bio-brik-1-l/R-521007018/p,Leche semidesnatada ecológica Carrefour Bio brik 1 l.,"1,28 €",,"1,28 €/l
- 7,68 €/6 uds.",,La Despensa,Lácteos,Leche,https://static.carrefour.es/hd_510x_/img_pim_food/616310_00_1.jpg
https://www.carrefour.es/supermercado/cerveza-alhambra-especial-sin-alcohol-botella-1-l/R-526600820/p,Cerveza Alhambra especial sin alcohol botella 1 l.,"1,86 €",,"1,86 €/l",,Bebidas,Cerveza,Sin Alcohol,https://static.carrefour.es/hd_510x_/img_pim_food/618750_00_1.jpg
https://www.carrefour.es/supermercado/compresas-ultra-finas-con-alas-negras-soft-carrefour-14-ud/R-VC4AECOMM-496123/p,Compresas ultra finas con alas negras Soft Carrefour 14 ud.,"1,94 €",,"0,14 €/ud",,Perfumería e Higiene,Higiene íntima,Compresas,https://static.carrefour.es/hd_510x_/img_pim_food/496123_00_1.jpg
https://www.carrefour.es/supermercado/nueces-mondadas-nacionales-250-g/R-VC4AECOMM-425544/p,Nueces mondadas nacionales 250 g,"4,07 €",,"16,28 €/kg",,La Despensa,Aperitivos,Frutos Secos,https://static.carrefour.es/hd_510x_/img_pim_food/425544_00_1.jpg
https://www.carrefour.es/supermercado/cereales-chocos-kelloggs-420-g/R-521003270/p,Cereales chocos Kellogg's 420 g.,"4,25 €",,"10,12 €/kg",,La Despensa,Desayuno,Cereales,https://static.carrefour.es/hd_510x_/img_pim_food/020240_00_1.jpg
https://www.carrefour.es/supermercado/almohadillas-adhesivas-para-dentadura-inferior-algasiv-30-ud/R-590504156/p,Almohadillas adhesivas para dentadura inferior Algasiv 30 ud.,"13,49 €",,"0,45 €/ud",,Parafarmacia,Higiene Bucal,Cuidado y Fijación Prótesis Dentales,https://static.carrefour.es/hd_510x_/img_pim_food/258668_00_1.jpg
https://www.carrefour.es/supermercado/bombon-mini-helado-de-vainilla-recubierto-con-chocolate-blanco-almond-magnum-sin-gluten-6-ud/R-784529267/p,Bombón mini helado de vainilla recubierto con chocolate blanco Almond Magnum sin gluten 6 ud.,"5,29 €",,"0,88 €/ud",,Congelados,Helados,Bombón Helado,https://static.carrefour.es/hd_510x_/img_pim_food/873969_00_1.jpg
https://www.carrefour.es/supermercado/patatas-fritas-original-ruffles-sin-gluten-265-g/R-VC4AECOMM-128845/p,Patatas fritas original Ruffles sin gluten 265 g.,"3,25 €",,"12,26 €/kg",,La Despensa,Aperitivos,Patatas Fritas,https://static.carrefour.es/hd_510x_/img_pim_food/128845_00_1.jpg
https://www.carrefour.es/supermercado/yogur-sabor-platano-carrefour-classic-pack-de-4-unidades-de-125-g/R-VC4AECOMM-372837/p,Yogur sabor plátano Carrefour Classic' pack de 4 unidades de 125 g.,"0,80 €",,"1,60 €/kg",,La Despensa,Yogures y Postres,Yogur Natural y Sabores,https://static.carrefour.es/hd_510x_/img_pim_food/372837_00_1.jpg
https://www.carrefour.es/supermercado/atun-claro-en-aceite-de-oliva-virgen-extra-albo-pack-de-6-latas-de-54-g/R-prod395600/p,Atún claro en aceite de oliva virgen extra Albo pack de 6 latas de 54 g.,"13,49 €",,"41,64 €/kg",,La Despensa,"Conservas, Sopas y Precocinados",Conservas de Pescado y Marisco,https://static.carrefour.es/hd_510x_/img_pim_food/505097_00_1.jpg
https://www.carrefour.es/supermercado/infusion-de-jengibre-puro-en-bolsitas-pompadour-20-ud/R-fprod1250015/p,Infusión de jengibre puro en bolsitas Pompadour 20 ud.,"3,15 €",,"78,75 €/kg",,La Despensa,Desayuno,Infusiones y Tés,https://static.carrefour.es/hd_510x_/img_pim_food/293074_00_1.jpg
https://www.carrefour.es/supermercado/vino-lambrusco-rosso-signora-dei-duchi-75-cl/R-VC4AECOMM-185942/p,Vino lambrusco rosso Signora Dei Duchi 75 cl.,"3,49 €",,"3,49 €/ud",,,,,https://static.carrefour.es/hd_510x_/img_pim_food/185942_00_1.jpg
https://www.carrefour.es/supermercado/salchichas-cocidas-de-pollo-estilo-frankfurt-sabor-ahumado-campofrio-sin-gluten-y-sin-lactosa-140-g/R-prod310679/p,Salchichas cocidas de pollo estilo Frankfurt sabor ahumado Campofrío sin gluten y sin lactosa 140 g.,"0,99 €",,"7,07 €/kg",,Productos Frescos,Charcutería,Salchichas,https://static.carrefour.es/hd_510x_/img_pim_food/388241_00_1.jpg
https://www.carrefour.es/supermercado/aceite-de-girasol-koipe-fritos-1-l/R-790114273/p,Aceite de girasol Koipe Fritos 1 l.,"2,65 €",,"2,65 €/l",,La Despensa,Alimentación,Aceites y vinagres,https://static.carrefour.es/hd_510x_/img_pim_food/883394_00_1.jpg
https://www.carrefour.es/supermercado/crema-facial-vitamina-c-tratamiento-antioxidante-luminosidad-babaria-50-ml/R-VC4AECOMM-035311/p,Crema facial vitamina C tratamiento antioxidante +luminosidad Babaria 50 ml.,"5,55 €",,"11,10 €/100ml",,Perfumería e Higiene,Cuidado y Protección Corporal,Piel,https://static.carrefour.es/hd_510x_/img_pim_food/035311_00_1.jpg
https://www.carrefour.es/supermercado/infusion-infantil-blevit-laxante-150-gr/R-590508940/p,Infusión Infantil Blevit Laxante 150 gr,"10,65 €",,"71,00 €/kg",,Parafarmacia,Bebé,Complementos Alimenticios e Infusiones para bebé,https://static.carrefour.es/hd_510x_/img_pim_food/558499_00_1.jpg
https://www.carrefour.es/supermercado/yemas-de-esparragos-extra-gruesos-carretilla-110-g/R-526538977/p,Yemas de espárragos extra-gruesos Carretilla 110 g.,"5,59 €",,"50,82 €/kg",,La Despensa,"Conservas, Sopas y Precocinados",Conservas de Vegetales,https://static.carrefour.es/hd_510x_/img_pim_food/543093_00_1.jpg
https://www.carrefour.es/supermercado/tinte-color-permanente-n-81-rubio-claro-ceniza-carrefour-soft-1-ud/R-VC4AECOMM-110644/p,Tinte color permanente nº 8.1 rubio claro ceniza Carrefour Soft 1 ud.,"5,85 €",,"5,85 €/ud",,Perfumería e Higiene,Cabello,Tinte,https://static.carrefour.es/hd_510x_/img_pim_food/110644_00_1.jpg
https://www.carrefour.es/supermercado/peine-fussy-4-ud/R-fprod1320379/p,Peine Fussy 4 ud.,"3,69 €",,"3,69 €/ud",,Perfumería e Higiene,Cabello,"Cepillos, Peines y Accesorios",https://static.carrefour.es/hd_510x_/img_pim_food/335038_00_1.jpg
https://www.carrefour.es/supermercado/chocolate-con-leche-y-chips-ahoy-milka-100-g/R-764119399/p,Chocolate con leche y chips ahoy Milka 100 g.,"1,67 €",,"16,70 €/kg",,La Despensa,Dulce,Bombones y Chocolates,https://static.carrefour.es/hd_510x_/img_pim_food/772080_00_1.jpg
https://www.carrefour.es/supermercado/crema-de-dia-fp30-cellular-expert-filler-nivea-50-ml/R-VC4AECOMM-103909/p,Crema de día FP30 Cellular Expert Filler Nivea 50 ml.,"17,85 €",,"35,70 €/100ml",,Perfumería e Higiene,Cosmética,Rostro,https://static.carrefour.es/hd_510x_/img_pim_food/103909_00_1.jpg
https://www.carrefour.es/supermercado/discos-desmaquillantes-suaves-avalados-ecologicos-carrefour-bio-50-ud/R-VC4AECOMM-610722/p,Discos desmaquillantes suaves avalados ecológicos Carrefour Bio 50 ud.,"1,53 €",,"0,03 €/ud",,Perfumería e Higiene,Cuidado y Protección Corporal,Limpieza Facial,https://static.carrefour.es/hd_510x_/img_pim_food/610722_00_1.jpg
https://www.carrefour.es/supermercado/ambientador-de-varillas-brisa-marina-cristalinas-35-ml/R-prod490153/p,Ambientador de varillas brisa marina Cristalinas 35 ml.,"5,79 €",,"16,54 €/100ml",,Limpieza y Hogar,Ambientadores,Decorativos,https://static.carrefour.es/hd_510x_/img_pim_food/830358_00_1.jpg
https://www.carrefour.es/supermercado/gazpacho-fresco-garcia-millan-1-l/R-prod1170071/p,Gazpacho fresco García Millán 1 l.,"3,85 €",,"3,85 €/l",,La Despensa,"Conservas, Sopas y Precocinados",Gazpacho y Salmorejo,https://static.carrefour.es/hd_510x_/img_pim_food/214150_00_1.jpg
https://www.carrefour.es/supermercado/vino-do-ribera-del-duero-tinto-crianza-arzuaga-75-cl/R-520662633/p,Arzuaga Tinto Crianza 2021,"25,50 €",,"25,50 €/ud",,Bebidas,Vinos,Tinto,https://static.carrefour.es/hd_510x_/img_pim_food/266916_00_1.jpg
https://www.carrefour.es/supermercado/galletas-de-cereales-con-chocolate-chiquilin-artiach-395-g/R-521002923/p,Galletas de cereales con chocolate Chiquilín Artiach 395 g.,"4,09 €",,"12,78 €/kg",,La Despensa,Desayuno,Galletas,https://static.carrefour.es/hd_510x_/img_pim_food/343522_00_1.jpg
https://www.carrefour.es/supermercado/cafe-espresso-en-capsulas-marcilla-tassimo-16-unidades-de-74-g/R-852200338/p,"Café espresso en cápsulas Marcilla Tassimo 16 unidades de 7,4 g.","5,15 €",,"43,64 €/kg",,La Despensa,Desayuno,Cafés,https://static.carrefour.es/hd_510x_/img_pim_food/061421_00_1.jpg
https://www.carrefour.es/supermercado/dorada-13-kg-aprox/R-prod271672/p,"Dorada 1,3 kg aprox","16,83 €",,,,Productos Frescos,Pescadería,Pescado Fresco,https://static.carrefour.es/hd_510x_/img_pim_food/231980_00_1.jpg
https://www.carrefour.es/supermercado/desodorante-en-spray-pure-coconut-axe-150-ml/R-VC4AECOMM-154076/p,Desodorante en spray Pure Coconut Axe 150 ml.,"6,09 €",,"4,06 €/100ml",,Perfumería e Higiene,Baño e Higiene Corporal,Desodorantes,https://static.carrefour.es/hd_510x_/img_pim_food/154076_00_1.jpg
https://www.carrefour.es/supermercado/pienso-de-atun-con-verduras-para-gato-adulto-purina-friskies-5-promesas-15-kg/R-521007734/p,"Pienso de atún con verduras para gato adulto Purina Friskies 5 Promesas 1,5 kg","5,15 €",,"3,43 €/kg",,Mascotas,Gatos,Pienso para gatos,https://static.carrefour.es/hd_510x_/img_pim_food/558031_00_1.jpg
https://www.carrefour.es/supermercado/banador-panal-desechable-huggies-little-swimmers-t3-4-7-kg-15-kg-20-ud/R-657701775/p,Bañador pañal desechable Huggies Little Swimmers T3-4 (7 kg-15 kg) 20 ud.,"12,69 €",,"0,63 €/ud",,Bebé,Pañales y Toallitas,Bañadores,https://static.carrefour.es/hd_510x_/img_pim_food/309873_00_1.jpg
https://www.carrefour.es/supermercado/royal-bliss-bohemian-berry-sensation-lata-25-cl/R-VC4AECOMM-377908/p,Royal Bliss bohemian berry sensation lata 25 cl.,"0,75 €",,"3,00 €/l",,Bebidas,Refrescos,Tónica,https://static.carrefour.es/hd_510x_/img_pim_food/377908_00_1.jpg
https://www.carrefour.es/supermercado/mopa-atrapapolvo-recambio-swiffer-pack-20-gamuzas/R-522714264/p,Mopa atrapapolvo recambio Swiffer pack 20 gamuzas.,"6,29 €",,"0,31 €/ud",,Limpieza y Hogar,Productos para toda la casa,Suelos,https://static.carrefour.es/hd_510x_/img_pim_food/534107_00_1.jpg
https://www.carrefour.es/supermercado/cafe-largo-clasico-en-capsulas-lor-espresso-tassimo-24-unidades-de-65-g/R-prod670396/p,"Café largo clásico en cápsulas L'Or Espresso Tassimo 24 unidades de 6,5 g.","9,35 €",,"59,94 €/kg",,La Despensa,Desayuno,Cafés,https://static.carrefour.es/hd_510x_/img_pim_food/846133_00_1.jpg
https://www.carrefour.es/supermercado/bebida-de-avena-oatly-barista-brik-1-l/R-fprod1460236/p,Bebida de avena Oatly Barista brik 1 l.,"2,65 €",,"2,65 €/l",,La Despensa,Lácteos,Bebida Vegetal,https://static.carrefour.es/hd_510x_/img_pim_food/395288_00_1.jpg
https://www.carrefour.es/supermercado/manzana-golden-carrefour-seleccion-4-ud/R-VC4AECOMM-216041/p,Manzana golden Carrefour Selección 4 ud,"4,38 €",,"4,38 €/kg",,Productos Frescos,Frutas,Manzanas y Peras,https://static.carrefour.es/hd_510x_/img_pim_food/216041_00_1.jpg
https://www.carrefour.es/supermercado/preparado-para-cuajada-casera-molino-real-sin-gluten-68-g/R-prod272683/p,Preparado para cuajada casera Molino Real sin gluten 68 g.,"1,40 €",,"20,59 €/kg",,La Despensa,Dulce,Repostería,https://static.carrefour.es/hd_510x_/img_pim_food/703245_00_1.jpg
https://www.carrefour.es/supermercado/ambientador-de-armario-lavanda-ambar-1-ud/R-VC4AECOMM-618650/p,Ambientador de armario lavanda Ambar 1 ud.,"1,13 €",,"1,13 €/ud",,Limpieza y Hogar,Ambientadores,Decorativos,https://static.carrefour.es/hd_510x_/img_pim_food/618650_00_1.jpg
https://www.carrefour.es/supermercado/orujo-blanco-puntemino-70-cl/R-prod620194/p,Orujo blanco Puntemiño 70 cl.,"7,09 €",,"10,13 €/l",,,,,https://static.carrefour.es/hd_510x_/img_pim_food/841812_00_1.jpg
https://www.carrefour.es/supermercado/cecina-en-taquitos-palcarsa-sin-gluten-y-sin-lactosa-60-g/R-prod860489/p,Cecina en taquitos Palcarsa sin gluten y sin lactosa 60 g.,"1,65 €",,"27,50 €/kg",,Productos Frescos,Charcutería,"Chorizo, Lomo y Otros",https://static.carrefour.es/hd_510x_/img_pim_food/886544_00_1.jpg
https://www.carrefour.es/supermercado/tarta-infantil-1-kg/R-VC4AECOMM-469183/p,Tarta infantil 1 kg,"14,89 €",,"14,89 €/kg",,Productos Frescos,Panadería Tradicional,Pastelería y Repostería,https://static.carrefour.es/hd_510x_/img_pim_food/469183_00_1.jpg
https://www.carrefour.es/supermercado/vino-tinto-tempranillo-tinta-fina-abadia-de-san-quirce-do-ribera-del-duero-75-cl/R-673601657/p,Abadia De San Quirce Tinto Roble 2022,"13,09 €",,"13,09 €/ud",,Bebidas,Vinos,Tinto,https://static.carrefour.es/hd_510x_/img_pim_food/009679_00_1.jpg
https://www.carrefour.es/supermercado/anchoas-en-aceite-de-oliva-consorcio-53-g/R-521006377/p,Anchoas en aceite de oliva Consorcio 53 g.,"8,15 €",,"148,18 €/kg",,La Despensa,"Conservas, Sopas y Precocinados",Conservas de Pescado y Marisco,https://static.carrefour.es/hd_510x_/img_pim_food/202707_00_1.jpg
https://www.carrefour.es/supermercado/choucroute-listo-para-tomar-develey-650-g/R-prod290029/p,Choucroute listo para tomar Develey 650 g.,"4,05 €",,"6,23 €/kg",,La Despensa,"Conservas, Sopas y Precocinados",Conservas de Vegetales,https://static.carrefour.es/hd_510x_/img_pim_food/034932_00_1.jpg
https://www.carrefour.es/supermercado/desmaquillador-de-ojos-doble-accion-nivea-125-ml/R-555701606/p,Desmaquillador de ojos doble acción Nivea 125 ml.,"6,19 €",,"4,95 €/100ml",,Perfumería e Higiene,Cuidado y Protección Corporal,Limpieza Facial,https://static.carrefour.es/hd_510x_/img_pim_food/262784_00_1.jpg
https://www.carrefour.es/supermercado/desodorante-liquido-en-spray-piel-sensible-instituto-espanol-50-ml/R-VC4AECOMM-366116/p,Desodorante liquido en spray piel sensible Instituto Español 50 ml.,"2,59 €",,"5,18 €/100ml",,Perfumería e Higiene,Baño e Higiene Corporal,Desodorantes,https://static.carrefour.es/hd_510x_/img_pim_food/366116_00_1.jpg
https://www.carrefour.es/supermercado/alcohol-carrefour-500-ml/R-VC4AECOMM-156255/p,Alcohol Carrefour 500 ml.,"1,71 €",,"0,34 €/100ml",,Parafarmacia,Botiquín,Antisépticos y Talcos,https://static.carrefour.es/hd_510x_/img_pim_food/156255_00_1.jpg
https://www.carrefour.es/supermercado/cafe-molido-mezcla-carrefour-250-g/R-521002976/p,Café molido mezcla Carrefour 250 g.,"2,65 €",,"10,60 €/kg",,La Despensa,Desayuno,Cafés,https://static.carrefour.es/hd_510x_/img_pim_food/693858_00_1.jpg
https://www.carrefour.es/supermercado/crema-corporal-hidratante-10-urea-carrefour-400-ml/R-fprod1470239/p,Crema corporal hidratante 10% Urea Carrefour 400 ml.,"2,19 €",,"0,55 €/100ml",,Perfumería e Higiene,Cuidado y Protección Corporal,"Body Milk, Hidratación Bajo la Ducha",https://static.carrefour.es/hd_510x_/img_pim_food/408608_00_1.jpg
https://www.carrefour.es/supermercado/postre-lacteo-de-pera-desde-6-meses-nestle-yogolino-sin-gluten-pack-de-4-unidades-de-100-g/R-794746555/p,Postre lácteo de pera desde 6 meses Nestlé Yogolino sin gluten pack de 4 unidades de 100 g.,"2,99 €",,"7,48 €/kg",,Bebé,Alimentación infantil,"Postres, Zumos, Petit y Yogures Infantiles",https://static.carrefour.es/hd_510x_/img_pim_food/895384_00_1.jpg
https://www.carrefour.es/supermercado/cafe-espresso-en-capsulas-simpl-compatible-con-nespresso-10-ud/R-VC4AECOMM-457390/p,Café Espresso en cápsulas Simpl compatible con Nespresso 10 ud.,"1,69 €",,"33,80 €/kg",,La Despensa,Desayuno,Cafés,https://static.carrefour.es/hd_510x_/img_pim_food/457390_00_1.jpg
https://www.carrefour.es/supermercado/cereales-de-arroz-inflado-choco-rice-carrefour-classic-500-g/R-VC4AECOMM-598241/p,Cereales de arroz inflado Choco Rice Carrefour Classic 500 g.,"2,09 €",,"4,18 €/kg",,La Despensa,Desayuno,Cereales,https://static.carrefour.es/hd_510x_/img_pim_food/598241_00_1.jpg
https://www.carrefour.es/supermercado/pasa-rubia-sin-semilla-carrefour-tarrina-350-g/R-prod1070688/p,Pasa rubia sin semilla Carrefour tarrina 350 g,"3,87 €",,"11,06 €/kg",,La Despensa,Aperitivos,Frutas Desecadas,https://static.carrefour.es/hd_510x_/img_pim_food/142080_00_1.jpg
https://www.carrefour.es/supermercado/galleta-con-tableta-de-chocolate-dr-schar-sin-gluten-130-g/R-651303581/p,Galleta con tableta de chocolate Dr. Schär sin gluten 130 g.,"4,85 €",,"37,31 €/kg",,La Despensa,Desayuno,Galletas,https://static.carrefour.es/hd_510x_/img_pim_food/815019_00_1.jpg
https://www.carrefour.es/supermercado/leche-fermentada-desnatada-natural-kaiku-sin-lactosa-pack-de-4-unidades-de-125-g/R-713622226/p,Leche fermentada desnatada natural Kaiku sin lactosa pack de 4 unidades de 125 g.,"2,39 €",,"4,78 €/kg",,La Despensa,Yogures y Postres,Yogur Natural y Sabores,https://static.carrefour.es/hd_510x_/img_pim_food/442357_00_1.jpg
https://www.carrefour.es/supermercado/sal-fina-celusal-500-g/R-590213543/p,Sal fina Celusal 500 g.,"2,79 €",,"5,58 €/kg",,La Despensa,Alimentación,Sales y Bicarbonatos,https://static.carrefour.es/hd_510x_/img_pim_food/580563_00_1.jpg
https://www.carrefour.es/supermercado/galletas-de-barquillo-rellenas-de-crema-de-vainilla-zero-gullon-sin-azucar-180-g/R-VC4AECOMM-554957/p,Galletas de barquillo rellenas de crema de vainilla Zero Gullón sin azúcar 180 g.,"2,15 €",,"11,94 €/kg",,La Despensa,Desayuno,Galletas,https://static.carrefour.es/hd_510x_/img_pim_food/554957_00_1.jpg
https://www.carrefour.es/supermercado/filetes-de-caballa-al-grill-con-un-toque-picante-en-aceite-de-oliva-isabel-120-g/R-prod870031/p,Filetes de caballa al grill con un toque picante en aceite de oliva Isabel 120 g.,"3,99 €",,"33,25 €/kg",,La Despensa,"Conservas, Sopas y Precocinados",Conservas de Pescado y Marisco,https://static.carrefour.es/hd_510x_/img_pim_food/004973_00_1.jpg
https://www.carrefour.es/supermercado/copos-de-avena-con-chia-y-vitaminas-b-sabor-fresa-linwoods-sin-gluten-y-sin-azucar-anadido-doy-pack-300-g/R-VC4AECOMM-420768/p,Copos de avena con chía y vitaminas B sabor fresa Linwoods sin gluten y sin azúcar añadido doy pack 300 g.,"5,45 €",,"18,17 €/kg",,La Despensa,Desayuno,Cereales,https://static.carrefour.es/hd_510x_/img_pim_food/420768_00_1.jpg
https://www.carrefour.es/supermercado/galletas-rellenas-de-natilla-hill-biscuits-150-g/R-prod73283/p,Galletas rellenas de natilla Hill Biscuits 150 g.,"1,50 €",,"10,00 €/kg",,La Despensa,Desayuno,Galletas,https://static.carrefour.es/hd_510x_/img_pim_food/260763_00_1.jpg
https://www.carrefour.es/supermercado/champu-fortificante-cabello-fragil-men-carrefour-400-ml/R-VC4AECOMM-145695/p,Champú fortificante cabello frágil Men Carrefour 400 ml.,"2,05 €",,"0,51 €/100ml",,Perfumería e Higiene,Cabello,Champús,https://static.carrefour.es/hd_510x_/img_pim_food/145695_00_1.jpg
https://www.carrefour.es/supermercado/fusilli-de-guisantes-ecologicos-carrefour-bio-sin-gluten-250-g/R-VC4AECOMM-429467/p,Fusilli de guisantes ecológicos Carrefour Bio sin gluten 250 g.,"3,39 €",,"13,56 €/kg",,La Despensa,Alimentación,Pastas,https://static.carrefour.es/hd_510x_/img_pim_food/429467_00_1.jpg
https://www.carrefour.es/supermercado/bolsita-de-aguacate-y-arandanos-desde-6-meses-ecologico-smileat-sin-gluten-100-g/R-VC4AECOMM-081292/p,Bolsita de aguacate y arándanos desde 6 meses ecológico Smileat sin gluten 100 g.,"1,82 €",,"18,20 €/kg",,Bebé,Alimentación infantil,"Postres, Zumos, Petit y Yogures Infantiles",https://static.carrefour.es/hd_510x_/img_pim_food/081292_00_1.jpg
https://www.carrefour.es/supermercado/cerveza-san-miguel-especial-lager-pack-de-6-botellas-de-25-cl/R-520661307/p,Cerveza San Miguel especial Lager pack de 6 botellas de 25 cl.,"3,29 €",,"2,19 €/l",,Bebidas,Cerveza,Rubia,https://static.carrefour.es/hd_510x_/img_pim_food/000139_00_1.jpg
https://www.carrefour.es/supermercado/chicles-de-fresa-y-nata-clix-one-sin-gluten-y-sin-azucar-50-g/R-prod160459/p,Chicles de fresa y nata Clix One sin gluten y sin azúcar 50 g.,"1,36 €",,"27,20 €/kg",,La Despensa,Dulce,Dulces y Golosinas,https://static.carrefour.es/hd_510x_/img_pim_food/134156_00_1.jpg
https://www.carrefour.es/supermercado/galletas-infantiles-desde-10-meses-nestle-pequegalletas-sin-aceite-de-palma-180-g/R-655201713/p,Galletas Infantiles desde 10 meses Nestlé PequeGalletas sin aceite de palma 180 g.,"3,85 €",,"21,39 €/kg",,Bebé,Alimentación infantil,Galletas y Snacks,https://static.carrefour.es/hd_510x_/img_pim_food/291783_00_1.jpg
https://www.carrefour.es/supermercado/ginebra-beefeater-pink-strawberry-70-cl/R-prod460687/p,Ginebra Beefeater pink strawberry 70 cl.,"14,69 €",,"20,99 €/l",,,,,https://static.carrefour.es/hd_510x_/img_pim_food/827746_00_1.jpg
https://www.carrefour.es/supermercado/pizza-de-tocino-champinones-y-queso-casa-di-mama-407-g/R-VC4AECOMM-378718/p,"Pizza de tocino, champiñones y queso Casa di Mama 407 g.","4,99 €",,"12,26 €/kg",,La Despensa,"Conservas, Sopas y Precocinados",Pizzas,https://static.carrefour.es/hd_510x_/img_pim_food/378718_00_1.jpg
https://www.carrefour.es/supermercado/zanahoria-ecologica-carrefour-bio-750-g/R-prod1070419/p,Zanahoria ecológica Carrefour Bio 750 g,"1,97 €",,"2,63 €/kg",,Productos Frescos,Verduras y hortalizas,Hortalizas,https://static.carrefour.es/hd_510x_/img_pim_food/131885_00_1.jpg
https://www.carrefour.es/supermercado/plumas-n-6-ecologico-gallo-450-g/R-VC4AECOMM-311702/p,Plumas nº 6 ecológico Gallo 450 g.,"2,25 €",,"5,00 €/kg",,La Despensa,Alimentación,Pastas,https://static.carrefour.es/hd_510x_/img_pim_food/311702_00_1.jpg
https://www.carrefour.es/supermercado/helado-de-pranilescream-haagen-dazs-sin-gluten-400-g/R-VC4AECOMM-186664/p,Helado de praniles&cream Häagen-Dazs sin gluten 400 g.,"7,59 €",,"18,97 €/kg",,Congelados,Helados,Tarrinas,https://static.carrefour.es/hd_510x_/img_pim_food/186664_00_1.jpg
https://www.carrefour.es/supermercado/edulcorante-classic-granulado-en-sobres-natreen-50-g/R-526539027/p,Edulcorante Classic granulado en sobres Natreen 50 g.,"4,39 €",,"87,80 €/kg",,La Despensa,Desayuno,Azúcar y Edulcorantes,https://static.carrefour.es/hd_510x_/img_pim_food/573725_00_1.jpg
https://www.carrefour.es/supermercado/limpiador-de-suciedad-y-manchas-de-humedad-para-banos-y-juntas-negras-cillit-bang-1-l/R-VC4AECOMM-436284/p,Limpiador de suciedad y manchas de humedad para baños y juntas negras Cillit Bang 1 l.,"6,45 €",,"6,45 €/l",,Limpieza y Hogar,Productos para Baño,Limpiajuntas,https://static.carrefour.es/hd_510x_/img_pim_food/436284_00_1.jpg
https://www.carrefour.es/supermercado/cafe-soluble-intenso-nescafe-black-roast-200-g/R-VC4AECOMM-478932/p,Café soluble intenso Nescafé Black Roast 200 g.,"7,65 €",,"38,25 €/kg",,La Despensa,Desayuno,Cafés,https://static.carrefour.es/hd_510x_/img_pim_food/478932_00_1.jpg
https://www.carrefour.es/supermercado/mini-chorizo-snackin-campofrio-sin-gluten-50-g/R-prod841698/p,Mini Chorizo Snack'in Campofrío sin gluten 50 g,"1,65 €",,"33,00 €/kg",,Productos Frescos,Charcutería,"Chorizo, Lomo y Otros",https://static.carrefour.es/hd_510x_/img_pim_food/699035_00_1.jpg
https://www.carrefour.es/supermercado/galletas-con-cacao-tostakids-family-biscuits-600-g/R-VC4AECOMM-426636/p,Galletas con cacao Tostakids Family Biscuits 600 g.,"2,29 €",,"3,82 €/kg",,La Despensa,Desayuno,Galletas,https://static.carrefour.es/hd_510x_/img_pim_food/426636_00_1.jpg
https://www.carrefour.es/supermercado/jabon-de-cara-y-cuerpo-en-pastilla-pieles-sensibles-pure-carrefour-soft-100-g/R-VC4AECOMM-719286/p,Jabón de cara y cuerpo en pastilla pieles sensibles Pure Carrefour Soft 100 g.,"1,93 €",,"1,93 €/100g",,Perfumería e Higiene,Cuidado y Protección Corporal,Limpieza Facial,https://static.carrefour.es/hd_510x_/img_pim_food/719286_00_1.jpg
https://www.carrefour.es/supermercado/sazonador-ajo-y-perejil-carmencita-sin-gluten-55-g/R-781837971/p,Sazonador ajo y perejil Carmencita sin gluten 55 g.,"2,39 €",,"43,45 €/kg",,La Despensa,Alimentación,Especias y Sazonadores,https://static.carrefour.es/hd_510x_/img_pim_food/867138_00_1.jpg
https://www.carrefour.es/supermercado/spalmabile-con-parmigiano-reggiano-130-g/R-VC4AECOMM-353995/p,Spalmabile con Parmigiano Reggiano 130 g.,"2,85 €",,"21,92 €/kg",,Productos Frescos,Quesos,Todos los Quesos,https://static.carrefour.es/hd_510x_/img_pim_food/353995_00_1.jpg
https://www.carrefour.es/supermercado/portaminas-premium-07mm-minas/R-VC4AECOMM-808099/p,"Portaminas premium 0,7mm + Minas","1,59 €",,"1,59 €/ud",,Limpieza y Hogar,Papelería,Lápices y Accesorios,https://static.carrefour.es/hd_510x_/img_pim_food/808099_00_1.jpg
https://www.carrefour.es/supermercado/vigor-sex-en-capsulas-h4u-30-ud/R-VC4AECOMM-236190/p,Vigor sex en cápsulas H4U 30 ud.,"8,39 €",,"38,84 €/100g",,Parafarmacia,Nutrición y Dietética,Complementos Vitamínicos,https://static.carrefour.es/hd_510x_/img_pim_food/236190_00_1.jpg
https://www.carrefour.es/supermercado/pizza-mediterranea-casa-tarradellas-410-g/R-521030223/p,Pizza mediterránea Casa Tarradellas 410 g.,"3,29 €",,"8,02 €/kg",,La Despensa,"Conservas, Sopas y Precocinados",Pizzas,https://static.carrefour.es/hd_510x_/img_pim_food/219978_00_1.jpg
https://www.carrefour.es/supermercado/aceite-de-maiz-asua-koipe-1-l/R-664006876/p,Aceite de maíz Asua Koipe 1 l.,"3,25 €",,"3,25 €/l",,La Despensa,Alimentación,Aceites y vinagres,https://static.carrefour.es/hd_510x_/img_pim_food/000412_00_1.jpg
https://www.carrefour.es/supermercado/leche-infantil-desde-1-dia-en-polvo-nutriben-confort-sin-aceite-de-palma-lata-800-g/R-VC4AECOMM-624764/p,Leche infantil desde 1 día en polvo Nutribén Confort sin aceite de palma lata 800 g.,"29,70 €",,"37,12 €/kg",,Parafarmacia,Bebé,Leche infantil,https://static.carrefour.es/hd_510x_/img_pim_food/624764_00_1.jpg
https://www.carrefour.es/supermercado/piccolinis-frankfurt-buitoni-270-g/R-592201549/p,Piccolinis frankfurt Buitoni 270 g.,"4,19 €",,"15,52 €/kg",,Congelados,Pizzas Congeladas,,https://static.carrefour.es/hd_510x_/img_pim_food/344915_00_1.jpg
https://www.carrefour.es/supermercado/placas-de-lasana-y-canelones-frescas-al-huevo-carrefour-original-250-g/R-VC4AECOMM-761147/p,Placas de lasaña y canelones frescas al huevo Carrefour Original 250 g.,"1,69 €",,"6,76 €/kg",,La Despensa,Alimentación,Pastas,https://static.carrefour.es/hd_510x_/img_pim_food/761147_00_1.jpg
https://www.carrefour.es/supermercado/duo-estropajos-con-esponja-spontex-frotaspon/R-521032847/p,Duo Estropajos con Esponja SPONTEX Frotaspon,"3,05 €",,"3,05 €/ud",,Limpieza y Hogar,Utensilios de Limpieza,Estropajos,https://static.carrefour.es/hd_510x_/img_pim_food/007182_00_1.jpg
https://www.carrefour.es/supermercado/chopped-con-vacuno-en-lonchas-campofrio-sin-gluten-95-g/R-VC4AECOMM-695381/p,Chopped con vacuno en lonchas Campofrío sin gluten 95 g,"0,99 €",,"1,04 €/kg",,Productos Frescos,Charcutería,Mortadela y Chopped,https://static.carrefour.es/hd_510x_/img_pim_food/695381_00_1.jpg
https://www.carrefour.es/supermercado/corazon-de-cogollos-circulo-de-calidad-x-6-ud/R-521032337/p,Corazón de cogollos Circulo de Calidad x 6 ud,"1,99 €",,"3,98 €/kg",,Productos Frescos,Verduras y hortalizas,Ensaladas y Verduras Preparadas,https://static.carrefour.es/hd_510x_/img_pim_food/390584_00_1.jpg
https://www.carrefour.es/supermercado/risotto-mediterraneo-deshidratado-trevijano-280-g/R-600709172/p,Risotto mediterráneo deshidratado Trevijano 280 g,"3,52 €",,"12,57 €/kg",,Productos Frescos,Verduras y hortalizas,Ensaladas y Verduras Preparadas,https://static.carrefour.es/hd_510x_/img_pim_food/256063_00_1.jpg
https://www.carrefour.es/supermercado/detergente-liquido-limpieza-profunda-higiene-antiolores-wipp-express-43-lavados/R-VC4AECOMM-179105/p,Detergente líquido limpieza profunda higiene & antiolores Wipp Express 43 lavados.,"17,69 €",,"0,41 €/lavado",,Limpieza y Hogar,Cuidado de la Ropa,Detergentes,https://static.carrefour.es/hd_510x_/img_pim_food/179105_00_1.jpg
https://www.carrefour.es/supermercado/gusanitos-ecologico-smileat-sin-gluten-38-gr/R-prod395339/p,Gusanitos ecológico Smileat sin gluten 38 gr,"2,15 €",,"56,58 €/kg",,La Despensa,Aperitivos,Snacks,https://static.carrefour.es/hd_510x_/img_pim_food/497519_00_1.jpg
https://www.carrefour.es/supermercado/colonia-nenuco-spray-240-ml/R-594301537/p,Colonia Nenuco Spray 240 ml,"4,59 €",,"1,91 €/100ml",,Bebé,Perfumería e Higiene,Colonia,https://static.carrefour.es/hd_510x_/img_pim_food/347878_00_1.jpg
https://www.carrefour.es/supermercado/paletilla-de-conejo-circulo-de-calidad-500-g-aprox/R-521032744/p,Paletilla de conejo Círculo de Calidad 500 g aprox,"8,74 €",,"17,49 €/kg",,Productos Frescos,Carnicería,Conejo,https://static.carrefour.es/hd_510x_/img_pim_food/793576_00_1.jpg
https://www.carrefour.es/supermercado/gel-de-ducha-y-champu-2-en-1-princesas-disney-475-ml/R-VC4AECOMM-681876/p,Gel de ducha y champú 2 en 1 Princesas Disney 475 ml.,"3,19 €",,"3,19 €/ud",,Perfumería e Higiene,Baño e Higiene Corporal,Geles de Baño,https://static.carrefour.es/hd_510x_/img_pim_food/681876_00_1.jpg
https://www.carrefour.es/supermercado/coloracion-permanente-sin-amoniaco-formula-vegana-tono-40-castano-cacao-good-garnier-1-ud/R-VC4AECOMM-156773/p,Coloración permanente sin amoniaco fórmula vegana tono 4.0 castaño cacao Good Garnier 1 ud.,"9,95 €",,"9,95 €/ud",,Perfumería e Higiene,Cabello,Tinte,https://static.carrefour.es/hd_510x_/img_pim_food/156773_00_1.jpg
https://www.carrefour.es/supermercado/gel-stick-de-arnica-y-arpagofito-arnidol-15-ml/R-590509776/p,Gel stick de arnica y arpagofito Arnidol 15 ml,"8,59 €",,"8,59 €/ud",,Parafarmacia,Botiquín,Alivio del Dolor,https://static.carrefour.es/hd_510x_/img_pim_food/636903_00_1.jpg
https://www.carrefour.es/supermercado/bebida-de-avena-y-soja-mimik-no-es-leche-vivesoy-sin-azucar-anadido-brik-1-l/R-VC4AECOMM-280025/p,Bebida de avena y soja mimik no es leche Vivesoy sin azúcar añadido brik 1 l.,"2,29 €",,"2,29 €/l",,La Despensa,Lácteos,Bebida Vegetal,https://static.carrefour.es/hd_510x_/img_pim_food/280025_00_1.jpg
https://www.carrefour.es/supermercado/cerdo-agridulce-sensation-carrefour-300-g/R-VC4AECOMM-357295/p,Cerdo agridulce Sensation Carrefour 300 g.,"4,15 €",,"13,83 €/kg",,La Despensa,"Conservas, Sopas y Precocinados",Platos Preparados,https://static.carrefour.es/hd_510x_/img_pim_food/357295_00_1.jpg
https://www.carrefour.es/supermercado/leche-fermentada-liquida-natural-sin-azucar-anadido-kaiku-kaikucol-zero-sin-lactosa-pack-de-12-unidades-de-65-g/R-VC4AECOMM-557132/p,Leche fermentada líquida natural sin azúcar añadido Kaiku Kaikucol Zero sin lactosa pack de 12 unidades de 65 g.,"6,39 €",,"8,19 €/l",,La Despensa,Yogures y Postres,"Colesterol, Óseo y Tensión",https://static.carrefour.es/hd_510x_/img_pim_food/557132_00_1.jpg
https://www.carrefour.es/supermercado/proteina-de-guisante-texturizada-media-ecologica-bio-para-todos-200-g/R-VC4AECOMM-009151/p,Proteína de guisante texturizada media ecológica Bio para todos 200 g.,"2,60 €",,"13,00 €/kg",,La Despensa,Alimentación,Legumbres,https://static.carrefour.es/hd_510x_/img_pim_food/009151_00_1.jpg
https://www.carrefour.es/supermercado/salsa-fresca-trufa-carrefour-140-g/R-VC4AECOMM-436210/p,Salsa Fresca Trufa Carrefour 140 g.,"1,29 €",,"9,21 €/kg",,La Despensa,Alimentación,Salsas y Tomate Frito,https://static.carrefour.es/hd_510x_/img_pim_food/436210_00_1.jpg
https://www.carrefour.es/supermercado/barritas-de-cereales-con-chocolate-ecologicas-carrefour-bio-138-g/R-649302161/p,Barritas de cereales con chocolate ecológicas Carrefour Bio 138 g.,"2,19 €",,"15,87 €/kg",,La Despensa,Desayuno,Barritas,https://static.carrefour.es/hd_510x_/img_pim_food/819286_00_1.jpg
https://www.carrefour.es/supermercado/capuccino-carrefour-original-pack-de-2-unidades-de-80-g/R-521029937/p,Capuccino Carrefour Original pack de 2 unidades de 80 g.,"1,90 €",,"11,87 €/kg",,La Despensa,Yogures y Postres,"Natillas, Cremas y Copas",https://static.carrefour.es/hd_510x_/img_pim_food/698850_00_1.jpg
https://www.carrefour.es/supermercado/protector-labial-cherry-fp-30-luxilips-1-ud/R-764435865/p,Protector labial cherry FP 30 Luxilips 1 ud.,"2,39 €",,"56,90 €/100g",,Parafarmacia,Cuidado e higiene facial,Cuidado Labial,https://static.carrefour.es/hd_510x_/img_pim_food/772899_00_1.jpg
https://www.carrefour.es/supermercado/compresas-para-incontinencia-de-orina-proteccion-completa-extra-discreet-ausonia-20-ud/R-814300907/p,Compresas para incontinencia de orina protección completa extra Discreet Ausonia 20 ud.,"7,65 €",,"0,38 €/ud",,Perfumería e Higiene,Higiene íntima,Incontinencia,https://static.carrefour.es/hd_510x_/img_pim_food/940259_00_1.jpg
https://www.carrefour.es/supermercado/panales-dodot-bebe-seco-t5-11-16-kg-152-ud/R-VC4AECOMM-799263/p,Pañales Dodot bebé-seco T5 (11-16 kg.) 152 ud.,"48,10 €",,"0,32 €/ud",,Bebé,Pañales y Toallitas,Pañales Dodot,https://static.carrefour.es/hd_510x_/img_pim_food/799263_00_1.jpg
https://www.carrefour.es/supermercado/picos-cristal-andres-140-g/R-VC4AECOMM-633528/p,Picos cristal Andrés 140 g.,"1,93 €",,"13,79 €/kg",,La Despensa,"Panaderia, Bollería y Pastelería","Pan tostado, Biscottes y Barritas",https://static.carrefour.es/hd_510x_/img_pim_food/633528_00_1.jpg
https://www.carrefour.es/supermercado/desodorante-en-crema-antitranspirante-maximum-protection-soft-solid-clean-scent-rexona-45-ml/R-699901787/p,Desodorante en crema antitranspirante Maximum Protection Soft Solid Clean Scent Rexona 45 ml.,"4,65 €",,"10,33 €/100ml",,Perfumería e Higiene,Baño e Higiene Corporal,Desodorantes,https://static.carrefour.es/hd_510x_/img_pim_food/385943_00_1.jpg
https://www.carrefour.es/supermercado/chocolate-negro-99-valor-sin-gluten-170-g/R-VC4AECOMM-551382/p,Chocolate negro 99% Valor sin gluten 170 g.,"4,79 €",,"28,18 €/kg",,La Despensa,Dulce,Bombones y Chocolates,https://static.carrefour.es/hd_510x_/img_pim_food/551382_00_1.jpg
https://www.carrefour.es/supermercado/harina-integral-de-espelta-ecologica-carrefour-bio-1-kg/R-VC4AECOMM-104887/p,Harina integral de espelta ecológica Carrefour Bio 1 kg.,"3,39 €",,"3,39 €/kg",,La Despensa,Alimentación,Harinas y Levaduras,https://static.carrefour.es/hd_510x_/img_pim_food/104887_00_1.jpg
https://www.carrefour.es/supermercado/gel-de-ducha-hidratante-coco-carrefour-750-ml/R-prod1070613/p,Gel de ducha Hidratante Coco Carrefour 750 ml.,"1,40 €",,"0,19 €/100ml",,Perfumería e Higiene,Baño e Higiene Corporal,Geles de Baño,https://static.carrefour.es/hd_510x_/img_pim_food/141070_00_1.jpg
https://www.carrefour.es/supermercado/almendra-garrapinada-carrefour-el-mercado-200-g/R-fprod1460392/p,Almendra Garrapiñada Carrefour El Mercado 200 g,"4,07 €",,"20,35 €/kg",,La Despensa,Aperitivos,Frutos Secos,https://static.carrefour.es/hd_510x_/img_pim_food/399092_00_1.jpg
https://www.carrefour.es/supermercado/complemento-alimenticio-para-pelo-piel-y-unas-en-capsulas-pronutri-60-ud/R-VC4AECOMM-146776/p,"Complemento alimenticio para pelo, piel y uñas en cápsulas ProNutri 60 ud.","4,45 €",,"139,06 €/kg",,La Despensa,Alimentación,Vitaminas y Complementos,https://static.carrefour.es/hd_510x_/img_pim_food/146776_00_1.jpg
https://www.carrefour.es/supermercado/chicles-sabor-menton-fuerte-orbit-sin-azucar-64/R-prod310684/p,Chicles sabor mentón fuerte Orbit sin azúcar 64,"3,75 €",,"58,59 €/kg",,La Despensa,Dulce,Dulces y Golosinas,https://static.carrefour.es/hd_510x_/img_pim_food/388247_00_1.jpg
https://www.carrefour.es/supermercado/galletas-de-chocolate-rellenas-de-crema-banadas-en-chocolate-blanco-oreo-246-g/R-590209299/p,Galletas de chocolate rellenas de crema bañadas en chocolate blanco Oreo 246 g.,"2,85 €",,"11,59 €/kg",,La Despensa,Desayuno,Galletas,https://static.carrefour.es/hd_510x_/img_pim_food/257636_00_1.jpg
https://www.carrefour.es/supermercado/queso-de-mezcla-semicurado-tradicional-campo-real-cuna-de-250-g/R-VC4AECOMM-680535/p,Queso de mezcla semicurado tradicional Campo Real cuña de 250 g,"5,50 €",,"22,00 €/kg",,Productos Frescos,Quesos,Semicurado,https://static.carrefour.es/hd_510x_/img_pim_food/680535_00_1.jpg
https://www.carrefour.es/supermercado/enjuague-bucal-fresh-carrefour-soft-1-l/R-VC4AECOMM-613065/p,Enjuague bucal fresh Carrefour Soft 1 l.,"2,55 €",,"0,25 €/100ml",,Perfumería e Higiene,Boca y Sonrisa,Enjuagues Bucales,https://static.carrefour.es/hd_510x_/img_pim_food/613065_00_1.jpg
https://www.carrefour.es/supermercado/gambon-grande-crudo-carrefour-1-kg/R-590504776/p,Gambón grande crudo Carrefour 1 kg.,"12,25 €",,"12,25 €/kg",,Congelados,Mariscos Congelados,,https://static.carrefour.es/hd_510x_/img_pim_food/273919_00_1.jpg
https://www.carrefour.es/supermercado/mermelada-inglesa-de-naranja-chivers-340-g/R-590204613/p,Mermelada inglesa de naranja Chivers 340 g.,"5,25 €",,"15,44 €/kg",,La Despensa,Dulce,"Mermeladas, Membrillos y Compotas",https://static.carrefour.es/hd_510x_/img_pim_food/163977_00_1.jpg
https://www.carrefour.es/supermercado/corazones-de-palmitos-ecologicos-carrefour-bio-250-g/R-849000416/p,Corazones de palmitos ecológicos Carrefour Bio 250 g.,"4,79 €",,"19,16 €/kg",,La Despensa,"Conservas, Sopas y Precocinados",Conservas de Vegetales,https://static.carrefour.es/hd_510x_/img_pim_food/015497_00_1.jpg
https://www.carrefour.es/supermercado/ambientador-de-coche-brisa-marina-cristalinas-1-ud/R-prod90451/p,Ambientador de coche brisa marina Cristalinas 1 ud.,"4,05 €",,"4,05 €/ud",,Limpieza y Hogar,Ambientadores,Coche,https://static.carrefour.es/hd_510x_/img_pim_food/219861_00_1.jpg
https://www.carrefour.es/supermercado/jabon-liquido-natural-100-de-glicerina-original-lida-500-ml/R-VC4AECOMM-563715/p,Jabón líquido natural 100% de glicerina Original Lida 500 ml.,"4,59 €",,"0,92 €/100ml",,Perfumería e Higiene,Baño e Higiene Corporal,Jabón de Manos,https://static.carrefour.es/hd_510x_/img_pim_food/563715_00_1.jpg
https://www.carrefour.es/supermercado/vermut-st-petroni-75-cl/R-VC4AECOMM-338737/p,Vermut St. Petroni 75 cl.,"12,65 €",,"16,87 €/l",,,,,https://static.carrefour.es/hd_510x_/img_pim_food/338737_00_1.jpg
https://www.carrefour.es/supermercado/agua-mineral-regas-natural-8-l/R-521028200/p,Agua mineral Regas natural 8 l.,"3,25 €",,"0,41 €/l",,Bebidas,Aguas y Zumos,Agua de más de 2 litros,https://static.carrefour.es/hd_510x_/img_pim_food/000130_00_1.jpg
https://www.carrefour.es/supermercado/fideo-entrefino-carrefour-500-g/R-544101820/p,Fideo entrefino Carrefour 500 g.,"0,81 €",,"1,62 €/kg",,La Despensa,Alimentación,Pastas,https://static.carrefour.es/hd_510x_/img_pim_food/229805_00_1.jpg
https://www.carrefour.es/supermercado/esponja-limpiadora-facial-beter-1-ud/R-729124678/p,Esponja limpiadora facial Beter 1 ud.,"4,75 €",,"4,75 €/ud",,Perfumería e Higiene,Cosmética,Accesorios de Maquillaje y Manicura y Pedicura,https://static.carrefour.es/hd_510x_/img_pim_food/675783_00_1.jpg
https://www.carrefour.es/supermercado/mix-pasas-a-granel-100-g-aprox/R-prod830292/p,Mix pasas a granel 100 g aprox,"0,79 €",,"7,90 €/kg",,La Despensa,Aperitivos,Frutas Desecadas,https://static.carrefour.es/hd_510x_/img_pim_food/287473_00_1.jpg
https://www.carrefour.es/supermercado/limpiador-en-crema-aroma-limon-producto-blanco-750-ml/R-538408123/p,Limpiador en crema aroma limón Producto Blanco 750 ml,"0,99 €",,"1,32 €/l",,Limpieza y Hogar,Productos para Baño,Limpiadores Baño,https://static.carrefour.es/hd_510x_/img_pim_food/193699_00_1.jpg
https://www.carrefour.es/supermercado/champu-cuidado-clasico-para-pelo-normal-y-mixto-pro-v-pantene-325-ml/R-VC4AECOMM-504930/p,Champú cuidado clásico para pelo normal y mixto Pro-V Pantene 325 ml.,"4,20 €",,"1,29 €/100ml",,Perfumería e Higiene,Cabello,Champús,https://static.carrefour.es/hd_510x_/img_pim_food/504930_00_1.jpg
https://www.carrefour.es/supermercado/bifidus-desnatado-con-trozos-de-melocoton-danone-activia-sin-azucar-anadido-pack-de-4-unidades-de-120-g/R-521029606/p,Bífidus desnatado con trozos de melocotón Danone Activia sin azúcar añadido pack de 4 unidades de 120 g.,"2,49 €",,"5,19 €/kg",,La Despensa,Yogures y Postres,Bífidus,https://static.carrefour.es/hd_510x_/img_pim_food/756018_00_1.jpg
https://www.carrefour.es/supermercado/calamar-patagonico-1-kg-aprox/R-VC4AECOMM-073735/p,Calamar Patagónico 1 kg aprox,"9,95 €",,"9,95 €/kg",,Productos Frescos,Pescadería,"Pulpo, Calamar y Sepia",https://static.carrefour.es/hd_510x_/img_pim_food/073735_00_1.jpg
https://www.carrefour.es/supermercado/patatas-fritas-sabor-huevo-trufado-con-crema-de-patatas-gourmet-lays-150-g/R-VC4AECOMM-082849/p,Patatas fritas sabor huevo trufado con crema de patatas Gourmet Lay's 150 g.,"3,05 €",,"20,33 €/kg",,La Despensa,Aperitivos,Patatas Fritas,https://static.carrefour.es/hd_510x_/img_pim_food/082849_00_1.jpg
https://www.carrefour.es/supermercado/crema-natural-de-gamba-y-rape-aneto-sin-gluten-y-sin-lactosa-brik-de-500-ml/R-VC4AECOMM-307619/p,Crema natural de gamba y rape Aneto sin gluten y sin lactosa brik de 500 ml.,"5,25 €",,"10,50 €/l",,La Despensa,"Conservas, Sopas y Precocinados","Caldos, Sopas y Pure",https://static.carrefour.es/hd_510x_/img_pim_food/307619_00_1.jpg
https://www.carrefour.es/supermercado/solomillo-de-pollo-marinado-450-g-aprox/R-VC4AECOMM-190944/p,Solomillo de Pollo Marinado 450 g aprox,"4,45 €",,"9,89 €/kg",,Productos Frescos,Carnicería,Otras carnes,https://static.carrefour.es/hd_510x_/img_pim_food/190944_00_1.jpg
https://www.carrefour.es/supermercado/leche-fermentada-desnatada-natural-danone-vitalinea-sin-azucar-anadido-pack-de-4-unidades-de-120-g/R-521029491/p,Leche fermentada desnatada natural Danone Vitalinea sin azúcar añadido pack de 4 unidades de 120 g.,"2,05 €",,"4,27 €/kg",,La Despensa,Yogures y Postres,Yogur Natural y Sabores,https://static.carrefour.es/hd_510x_/img_pim_food/002929_00_1.jpg
https://www.carrefour.es/supermercado/te-sabor-limon-zero-carrefour-classic-botella-15-l/R-prod381436/p,"Té sabor limón zero Carrefour Classic´ botella 1,5 l.","0,99 €",,"0,66 €/l",,Bebidas,Refrescos,Té,https://static.carrefour.es/hd_510x_/img_pim_food/349530_00_1.jpg
https://www.carrefour.es/supermercado/chocolate-con-leche-y-almendras-nestle-extrafino-sin-gluten-250-g/R-521004288/p,Chocolate con leche y almendras Nestlé Extrafino sin gluten 250 g.,"4,35 €",,"17,40 €/kg",,La Despensa,Dulce,Bombones y Chocolates,https://static.carrefour.es/hd_510x_/img_pim_food/036287_00_1.jpg
https://www.carrefour.es/supermercado/kiwi-gold-500-g/R-805905242/p,Kiwi Gold 500 g,"3,15 €",,"6,30 €/kg",,Productos Frescos,Frutas,"Piñas, Kiwis, Aguacates y Tropicales",https://static.carrefour.es/hd_510x_/img_pim_food/431419_00_1.jpg
https://www.carrefour.es/supermercado/colageno-acido-hialuronico-en-capsulas-h4u-30-ud/R-VC4AECOMM-623397/p,Colágeno + Ácido hialurónico en cápsulas H4U 30 ud.,"7,49 €",,"1,26 €/100g",,Parafarmacia,Nutrición y Dietética,Complementos Vitamínicos,https://static.carrefour.es/hd_510x_/img_pim_food/623397_00_1.jpg
https://www.carrefour.es/supermercado/petit-sabor-fresa-danone-danonino-sin-gluten-pack-de-6-unidades-de-50-g/R-702201871/p,Petit sabor fresa Danone Danonino sin gluten pack de 6 unidades de 50 g.,"1,47 €",,"4,90 €/kg",,La Despensa,Yogures y Postres,Yogures Infantiles,https://static.carrefour.es/hd_510x_/img_pim_food/402191_00_1.jpg
https://www.carrefour.es/supermercado/ambientado-en-spray-vetiver-caribeno-y-sandalo-botanica-de-air-wick-236-ml/R-VC4AECOMM-523467/p,Ambientado en spray vetiver caribeño y sándalo Botanica de Air Wick 236 ml.,"6,49 €",,"27,50 €/l",,Limpieza y Hogar,Ambientadores,Aerosol o pistola,https://static.carrefour.es/hd_510x_/img_pim_food/523467_00_1.jpg
https://www.carrefour.es/supermercado/vino-tinto-joven-tempranillo-marques-dospalacios-vendimia-seleccionada-75-cl/R-520661386/p,Vino tinto joven tempranillo Marqués Dospalacios Vendimia Seleccionada 75 cl.,"1,25 €",,"1,67 €/l",,,,,https://static.carrefour.es/hd_510x_/img_pim_food/300426_00_1.jpg
https://www.carrefour.es/supermercado/acondicionador-liso-sedoso-para-cabello-seco-o-encrespado-tresemme-685-ml/R-VC4AECOMM-318668/p,Acondicionador liso & sedoso para cabello seco o encrespado Tresemmé 685 ml.,"5,69 €",,"0,83 €/100ml",,Perfumería e Higiene,Cabello,Acondicionadores,https://static.carrefour.es/hd_510x_/img_pim_food/318668_00_1.jpg
https://www.carrefour.es/supermercado/caramelos-sabor-citrico-sin-azucar-halls-4-paquetes-de-32-g/R-521029166/p,Caramelos sabor cítrico sin azúcar Halls 4 paquetes de 32 g.,"2,45 €",,"19,14 €/kg",,La Despensa,Dulce,Dulces y Golosinas,https://static.carrefour.es/hd_510x_/img_pim_food/043829_00_1.jpg
https://www.carrefour.es/supermercado/menu-premium-para-canarios-vitakraft-1kg/R-VC4AECOMM-500479/p,Menú premium para canarios Vitakraft 1Kg,"2,89 €",,"2,89 €/ud",,Mascotas,Pájaros,Pienso para pájaros,https://static.carrefour.es/hd_510x_/img_pim_food/500479_00_1.jpg
https://www.carrefour.es/supermercado/tinte-creme-n-7-rubio-loreal-excellence-1-ud/R-521012124/p,Tinte creme nº 7 Rubio L'Oréal Excellence 1 ud.,"8,89 €",,"8,89 €/ud",,Perfumería e Higiene,Cabello,Tinte,https://static.carrefour.es/hd_510x_/img_pim_food/000960_00_1.jpg
https://www.carrefour.es/supermercado/salchichas-classic-wieners-oscar-mayer-sin-gluten-200-g/R-521031119/p,Salchichas classic Wieners Oscar Mayer sin gluten 200 g.,"1,43 €",,"7,15 €/kg",,Productos Frescos,Charcutería,Salchichas,https://static.carrefour.es/hd_510x_/img_pim_food/003292_00_1.jpg
https://www.carrefour.es/supermercado/corazones-de-alcachofa-troceados-findus-300-g/R-prod1030003/p,Corazones de alcachofa troceados Findus 300 g.,"5,36 €",,"17,87 €/kg",,Congelados,Verduras Congeladas,,https://static.carrefour.es/hd_510x_/img_pim_food/112326_00_1.jpg
https://www.carrefour.es/supermercado/crema-100-avellana-sensation-carrefour-sin-gluten-180-g/R-VC4AECOMM-121522/p,Crema 100% avellana Sensation Carrefour sin gluten 180 g.,"4,89 €",,"27,17 €/kg",,La Despensa,Dulce,"Cremas de Cacao, Avellana y Cacahuete",https://static.carrefour.es/hd_510x_/img_pim_food/121522_00_1.jpg
https://www.carrefour.es/supermercado/remolacha-en-tiras-classic-carrefour-250-g/R-VC4AECOMM-705229/p,Remolacha en tiras Classic Carrefour 250 g.,"1,30 €",,"5,20 €/kg",,La Despensa,"Conservas, Sopas y Precocinados",Conservas de Vegetales,https://static.carrefour.es/hd_510x_/img_pim_food/705229_00_1.jpg
https://www.carrefour.es/supermercado/vino-blanco-joven-malvar-puerta-de-alcala-do-vinos-de-madrid-75-cl/R-589701638/p,Puerta De Alcala 2023,"3,29 €",,"3,29 €/ud",,Bebidas,Vinos,Blanco,https://static.carrefour.es/hd_510x_/img_pim_food/026536_00_1.jpg
https://www.carrefour.es/supermercado/agua-de-colonia-crossmen-original-cr-200-ml/R-fprod1190090/p,Agua de colonia Crossmen Original CR 200 ml.,"10,59 €",,"5,29 €/100ml",,Perfumería e Higiene,Baño e Higiene Corporal,Colonias,https://static.carrefour.es/hd_510x_/img_pim_food/230864_00_1.jpg
https://www.carrefour.es/supermercado/refresco-sabor-naranja-zero-carrefour-classic-lata-33-cl/R-VC4AECOMM-036898/p,Refresco sabor naranja zero Carrefour Classic' lata 33 cl.,"0,35 €",,"1,06 €/l
- 2,10 €/6 uds.",,Bebidas,Refrescos,Sabores con Gas,https://static.carrefour.es/hd_510x_/img_pim_food/036898_00_1.jpg
https://www.carrefour.es/supermercado/pechuga-de-pollo-empanado-crujiente-carrefour-extra-400-g/R-VC4AECOMM-685919/p,Pechuga de pollo empanado crujiente Carrefour Extra 400 g.,"4,55 €",,"11,37 €/kg",,La Despensa,"Conservas, Sopas y Precocinados",Croquetas y Rebozados,https://static.carrefour.es/hd_510x_/img_pim_food/685919_00_1.jpg
https://www.carrefour.es/supermercado/papel-higienico-humedo-natur-aqua-naturalcare-salustar-100-ud/R-VC4AECOMM-436821/p,Papel higiénico húmedo Natur Aqua Naturalcare Salustar 100 ud.,"4,49 €",,"0,04 €/ud",,Limpieza y Hogar,Papel y Celulosa,Papel Higiénico,https://static.carrefour.es/hd_510x_/img_pim_food/436821_00_1.jpg
https://www.carrefour.es/supermercado/aceite-de-girasol-carrefour-garrafa-5-l/R-819256248/p,Aceite de girasol Carrefour garrafa 5 l.,"10,55 €",,"2,11 €/l",,La Despensa,Alimentación,Aceites y vinagres,https://static.carrefour.es/hd_510x_/img_pim_food/947835_00_1.jpg
https://www.carrefour.es/supermercado/galleta-de-mantequilla-carrefour-classic-no-gluten-sin-gluten-130-g/R-VC4AECOMM-730878/p,Galleta de mantequilla Carrefour Classic No Gluten! sin gluten 130 g.,"2,39 €",,"18,38 €/kg",,La Despensa,Desayuno,Galletas,https://static.carrefour.es/hd_510x_/img_pim_food/730878_00_1.jpg
https://www.carrefour.es/supermercado/limpiador-desinfectante-multiusos-eucaliptus-sanytol-750-ml/R-605301891/p,Limpiador desinfectante multiusos eucaliptus Sanytol 750 ml.,"3,25 €",,"4,33 €/l",,Limpieza y Hogar,Productos para toda la casa,Limpiacristales y Multiusos,https://static.carrefour.es/hd_510x_/img_pim_food/303230_00_1.jpg
https://www.carrefour.es/supermercado/quinoa-blanca-y-roja-para-microondas-brillante-pack-de-2-unidades-de-125-g/R-834407519/p,Quinoa blanca y roja para microondas Brillante pack de 2 unidades de 125 g.,"1,75 €",,"7,00 €/kg",,La Despensa,"Conservas, Sopas y Precocinados",Platos Preparados,https://static.carrefour.es/hd_510x_/img_pim_food/970426_00_1.jpg
https://www.carrefour.es/supermercado/desodorante-talco-para-pies-eudermin-150-g/R-855600572/p,Desodorante talco para pies Eudermin 150 g.,"3,25 €",,"2,17 €/100ml",,Perfumería e Higiene,Cuidado y Protección Corporal,Pies,https://static.carrefour.es/hd_510x_/img_pim_food/087917_00_1.jpg
https://www.carrefour.es/supermercado/brandada-de-bacalao-carrefour-el-mercado-225-g/R-VC4AECOMM-453543/p,Brandada de Bacalao Carrefour El Mercado 225 g,"3,89 €",,"17,29 €/kg",,Productos Frescos,Pescadería,Preparados y elaborados de Pescado y Marisco,https://static.carrefour.es/hd_510x_/img_pim_food/453543_00_1.jpg
https://www.carrefour.es/supermercado/estrellas-carrefour-500-g/R-786165654/p,Estrellas Carrefour 500 g.,"0,73 €",,"1,46 €/kg",,La Despensa,Alimentación,Pastas,https://static.carrefour.es/hd_510x_/img_pim_food/879182_00_1.jpg
https://www.carrefour.es/supermercado/chipirones-rellenos-en-su-tinta-albo-72-g/R-prod460524/p,Chipirones rellenos en su tinta Albo 72 g.,"6,15 €",,"85,42 €/kg",,La Despensa,"Conservas, Sopas y Precocinados",Conservas de Pescado y Marisco,https://static.carrefour.es/hd_510x_/img_pim_food/028532_00_1.jpg
https://www.carrefour.es/supermercado/toallitas-desifectantes-de-manos-soft-carrefour-10-ud/R-VC4AECOMM-399853/p,Toallitas desifectantes de manos Soft Carrefour 10 ud.,"0,90 €",,"0,09 €/ud",,Perfumería e Higiene,Baño e Higiene Corporal,Jabón de Manos,https://static.carrefour.es/hd_510x_/img_pim_food/399853_00_1.jpg
https://www.carrefour.es/supermercado/fuet-de-pavo-campofrio-pavofrio-sin-gluten-pieza-de-150-g/R-524802658/p,Fuet de Pavo Campofrío Pavofrío sin gluten pieza de 150 g,"3,15 €",,"21,00 €/kg",,Productos Frescos,Charcutería,"Chorizo, Lomo y Otros",https://static.carrefour.es/hd_510x_/img_pim_food/698583_00_1.jpg
https://www.carrefour.es/supermercado/ginebra-larios-rose-premium-1-l/R-fprod1280418/p,Ginebra Larios Rosé premium 1 l.,"22,70 €",,"22,70 €/l",,Bebidas,Alcoholes,Ginebra,https://static.carrefour.es/hd_510x_/img_pim_food/330683_00_1.jpg
https://www.carrefour.es/supermercado/caja-2-botellas-vino-tinto-coleccion-barricas-protos-75-cl-2-botellas-vino-tinto-vina-pedrosa-do-ribera-duero-75-cl/R-VC4AECOMM-110592/p,Caja 2 Bot Viña Pedrosa Colección Barricas + 2 Bot. Protos Colección Barricas Tinto,"45,00 €",,"45,00 €/ud",,Bebidas,Vinos,Tinto,https://static.carrefour.es/hd_510x_/img_pim_food/110592_00_1.jpg
https://www.carrefour.es/supermercado/rosada-en-filete-600-g-aprox/R-711901763/p,Rosada en filete 600 g aprox,"7,77 €",,"12,95 €/kg",,Productos Frescos,Pescadería,Pescado Fresco,https://static.carrefour.es/hd_510x_/img_pim_food/058149_00_1.jpg
https://www.carrefour.es/supermercado/desodorante-en-spray-sport-proteccion-48h-antitranspirante-frescor-intenso-0-alcohol-carrefour-men-100-ml/R-VC4AECOMM-658678/p,Desodorante en spray sport protección 48h antitranspirante frescor intenso 0% alcohol Carrefour Men 100 ml.,"1,60 €",,"1,60 €/100ml",,Perfumería e Higiene,Baño e Higiene Corporal,Desodorantes,https://static.carrefour.es/hd_510x_/img_pim_food/658678_00_1.jpg
https://www.carrefour.es/supermercado/aceitunas-manzanilla-deshuesada-aperitivo-400-g/R-prod280524/p,Aceitunas manzanilla deshuesada Aperitivo 400 g,"5,40 €",,"13,50 €/kg",,La Despensa,Aperitivos,Aceitunas y Encurtidos,https://static.carrefour.es/hd_510x_/img_pim_food/340468_00_1.jpg
https://www.carrefour.es/supermercado/locion-corporal-hidratante-intensiva-piel-seca-a-muy-seca-dove-400-ml/R-520664350/p,Loción corporal hidratante intensiva piel seca a muy seca Dove 400 ml.,"5,35 €",,"1,34 €/100ml",,Perfumería e Higiene,Cuidado y Protección Corporal,"Body Milk, Hidratación Bajo la Ducha",https://static.carrefour.es/hd_510x_/img_pim_food/794557_00_1.jpg
https://www.carrefour.es/supermercado/picada-troceada-heura-sin-gluten-300-g/R-VC4AECOMM-014720/p,Picada troceada Heura sin gluten 300 g,"4,75 €",,"15,83 €/kg",,La Despensa,"Conservas, Sopas y Precocinados",Platos Preparados,https://static.carrefour.es/hd_510x_/img_pim_food/014720_00_1.jpg
https://www.carrefour.es/supermercado/caramelos-de-goma-beans-fini-sin-gluten-180-g/R-800818272/p,Caramelos de goma Beans Fini sin gluten 180 g.,"2,05 €",,"12,42 €/kg",,La Despensa,Dulce,Dulces y Golosinas,https://static.carrefour.es/hd_510x_/img_pim_food/907962_00_1.jpg
https://www.carrefour.es/supermercado/patatas-fritas-al-punto-de-sal-horno-lays-150-g/R-521009468/p,Patatas fritas al punto de sal Horno Lay's 150 g.,"2,49 €",,"16,60 €/kg",,La Despensa,Aperitivos,Patatas Fritas,https://static.carrefour.es/hd_510x_/img_pim_food/799985_00_1.jpg
https://www.carrefour.es/supermercado/pollo-al-ajillo-con-patatas-asadas-carretilla-sin-gluten-2-unidades-de-250-g/R-fprod1270136/p,Pollo al ajillo con patatas asadas Carretilla sin gluten 2 unidades de 250 g.,"8,89 €",,"17,78 €/kg",,La Despensa,"Conservas, Sopas y Precocinados",Platos Preparados,https://static.carrefour.es/hd_510x_/img_pim_food/325753_00_1.jpg
https://www.carrefour.es/supermercado/chocolate-blanco-oreo-white-milka-100-g/R-VC4AECOMM-501168/p,Chocolate blanco Oreo White Milka 100 g.,"1,73 €",,"17,30 €/kg",,La Despensa,Dulce,Bombones y Chocolates,https://static.carrefour.es/hd_510x_/img_pim_food/501168_00_1.jpg
https://www.carrefour.es/supermercado/esponja-de-bano-natural-marina-carrefour-1-ud/R-fprod1280626/p,Esponja de baño natural marina Carrefour 1 ud.,"4,35 €",,"4,35 €/ud",,Perfumería e Higiene,Baño e Higiene Corporal,"Esponjas, Manoplas y Cepillos de Baño",https://static.carrefour.es/hd_510x_/img_pim_food/331220_00_1.jpg
https://www.carrefour.es/supermercado/barquillo-con-crema-avellanas-picadas-y-caramelo-cubierto-con-chocolate-knoppers-nutbar-200-g/R-VC4AECOMM-668772/p,"Barquillo con crema, avellanas picadas y caramelo cubierto con chocolate Knoppers Nutbar 200 g.","3,55 €",,"17,75 €/kg",,La Despensa,Dulce,Bombones y Chocolates,https://static.carrefour.es/hd_510x_/img_pim_food/668772_00_1.jpg
https://www.carrefour.es/supermercado/salsa-aromatica-para-pizza-mutti-lata-400-g/R-VC4AECOMM-030739/p,Salsa aromática para pizza Mutti lata 400 g.,"3,15 €",,"7,87 €/kg",,La Despensa,"Conservas, Sopas y Precocinados",Conservas de Tomate,https://static.carrefour.es/hd_510x_/img_pim_food/030739_00_1.jpg
https://www.carrefour.es/supermercado/gel-lubricante-intimo-vagisil-30-g/R-590508880/p,Gel lubricante íntimo Vagisil 30 g.,"8,89 €",,"29,63 €/100g",,Parafarmacia,Cuidado corporal,Cuidado Íntimo,https://static.carrefour.es/hd_510x_/img_pim_food/557816_00_1.jpg
https://www.carrefour.es/supermercado/kombucha-passion-colada-flax-kale-botella-33-cl/R-VC4AECOMM-405926/p,Kombucha passion colada Flax & Kale botella 33 cl.,"2,59 €",,"7,85 €/l",,Bebidas,Refrescos,Kombucha,https://static.carrefour.es/hd_510x_/img_pim_food/405926_00_1.jpg
https://www.carrefour.es/supermercado/batido-de-cacao-cacaolat-sin-gluten-botella-1-l/R-521034566/p,Batido de cacao Cacaolat sin gluten botella 1 l.,"2,65 €",,"2,65 €/l",,La Despensa,Lácteos,Batidos y Horchatas,https://static.carrefour.es/hd_510x_/img_pim_food/044602_00_1.jpg
https://www.carrefour.es/supermercado/tocino-de-cielo-al-bano-maria-carrefour-original-sin-gluten-pack-de-2-unidades-de-100-g/R-521029916/p,Tocino de cielo al baño Maria Carrefour Original sin gluten pack de 2 unidades de 100 g.,"1,50 €",,"7,50 €/kg",,La Despensa,Yogures y Postres,Otros Postres,https://static.carrefour.es/hd_510x_/img_pim_food/233302_00_1.jpg
https://www.carrefour.es/supermercado/gelatina-sabor-fresa-protein-kaiku-sin-gluten-sin-lactosa-y-sin-azucar-pack-de-4-unidades-de-125-g/R-VC4AECOMM-248010/p,"Gelatina sabor fresa Protein Kaiku sin gluten, sin lactosa y sin azúcar pack de 4 unidades de 125 g.","2,49 €",,"4,98 €/kg",,La Despensa,Yogures y Postres,Proteína,https://static.carrefour.es/hd_510x_/img_pim_food/248010_00_1.jpg
https://www.carrefour.es/supermercado/pienso-de-pollo-para-perro-adulto-mini-ultima-15-kg/R-550701814/p,"Pienso de pollo para perro adulto mini Ultima 1,5 Kg","9,09 €",,"6,06 €/kg",,Mascotas,Perros,Pienso para perros,https://static.carrefour.es/hd_510x_/img_pim_food/561500_00_1.jpg
https://www.carrefour.es/supermercado/cerveza-carlsberg-pack-de-6-botellas-de-25-cl/R-520661227/p,Cerveza Carlsberg pack de 6 botellas de 25 cl.,"5,85 €",,"3,90 €/l",,Bebidas,Cerveza,Todas las Cervezas,https://static.carrefour.es/hd_510x_/img_pim_food/000161_00_1.jpg
https://www.carrefour.es/supermercado/desmaquillante-en-gel-vitamina-c-clinians-125-ml/R-VC4AECOMM-345772/p,Desmaquillante en gel vitamina C Clinians 125 ml,"11,09 €",,"8,87 €/100ml",,Parafarmacia,Cuidado e higiene facial,Desmaquillantes,https://static.carrefour.es/hd_510x_/img_pim_food/345772_00_1.jpg
https://www.carrefour.es/supermercado/confitura-de-albaricoque-hero-330-g/R-prod720091/p,Confitura de albaricoque Hero 330 g.,"2,75 €",,"8,33 €/kg",,La Despensa,Dulce,"Mermeladas, Membrillos y Compotas",https://static.carrefour.es/hd_510x_/img_pim_food/851688_00_1.jpg
https://www.carrefour.es/supermercado/enjuague-bucal-sensikin-500-ml/R-VC4AECOMM-377193/p,Enjuague bucal Sensikin 500 ml.,"11,85 €",,"2,37 €/100ml",,Parafarmacia,Higiene Bucal,Colutorio,https://static.carrefour.es/hd_510x_/img_pim_food/377193_00_1.jpg
https://www.carrefour.es/supermercado/croquetas-de-queso-azul-y-nueces-para-freidora-de-aire-y-horno-la-cocina-de-senen-sin-gluten-250-g/R-VC4AECOMM-425620/p,Croquetas de queso azul y nueces para freidora de aire y horno La Cocina de Senén sin gluten 250 g.,"4,35 €",,"17,40 €/kg",,La Despensa,"Conservas, Sopas y Precocinados",Croquetas y Rebozados,https://static.carrefour.es/hd_510x_/img_pim_food/425620_00_1.jpg
https://www.carrefour.es/supermercado/salsa-barbacoa-cero-prima-sin-gluten-y-sin-azucar-anadido-envase-265-g/R-prod393252/p,Salsa barbacoa Cero Prima sin gluten y sin azúcar añadido envase 265 g.,"2,45 €",,"9,25 €/kg",,La Despensa,Alimentación,Salsas y Tomate Frito,https://static.carrefour.es/hd_510x_/img_pim_food/482936_00_1.jpg
https://www.carrefour.es/supermercado/mascarilla-hidratante-calmante-hydra-bomb-garnier-skin-active-1-ud/R-852200372/p,Mascarilla hidratante calmante Hydra Bomb Garnier-Skin Active 1 ud.,"2,99 €",,"9,34 €/100g",,Perfumería e Higiene,Cuidado y Protección Corporal,Piel,https://static.carrefour.es/hd_510x_/img_pim_food/061654_00_1.jpg
https://www.carrefour.es/supermercado/quitamanchas-ropa-oxi-blanco-expert-carrefour-1-kg/R-526414019/p,Quitamanchas ropa oxi blanco Expert Carrefour 1 kg,"2,99 €",,"2,99 €/kg",,Limpieza y Hogar,Cuidado de la Ropa,Aditivos y quitamanchas,https://static.carrefour.es/hd_510x_/img_pim_food/277585_00_1.jpg
https://www.carrefour.es/supermercado/ambientador-electrico-atardecer-en-menorca-3volution-recambio-ambi-pur-1-ud/R-VC4AECOMM-259400/p,Ambientador eléctrico atardecer en Menorca 3Volution recambio Ambi Pur 1 ud.,"5,85 €",,"5,85 €/ud",,Limpieza y Hogar,Ambientadores,Eléctricos,https://static.carrefour.es/hd_510x_/img_pim_food/259400_00_1.jpg
https://www.carrefour.es/supermercado/crema-de-verduras-mediterraneas-carrefour-sin-gluten-500-ml/R-prod1130075/p,Crema de verduras mediterráneas Carrefour sin gluten 500 ml.,"0,99 €",,"1,98 €/l",,La Despensa,"Conservas, Sopas y Precocinados","Caldos, Sopas y Pure",https://static.carrefour.es/hd_510x_/img_pim_food/177738_00_1.jpg
https://www.carrefour.es/supermercado/crema-casera-de-pollo-con-verduras-gallina-blanca-sin-gluten-500-ml/R-VC4AECOMM-551419/p,Crema casera de pollo con verduras Gallina Blanca sin gluten 500 ml.,"2,19 €",,"2,19 €/l",,La Despensa,"Conservas, Sopas y Precocinados","Caldos, Sopas y Pure",https://static.carrefour.es/hd_510x_/img_pim_food/551419_00_1.jpg
https://www.carrefour.es/supermercado/acondicionador-de-coco-para-cabello-normal-ecologico-urtekram-180-ml/R-prod810806/p,Acondicionador de coco para cabello normal ecológico Urtekram 180 ml.,"7,99 €",,"4,44 €/100ml",,Perfumería e Higiene,Cabello,Acondicionadores,https://static.carrefour.es/hd_510x_/img_pim_food/239520_00_1.jpg
https://www.carrefour.es/supermercado/vino-tinto-crianza-marques-de-caceres-doca-rioja-75-cl/R-520662397/p,Marqués De Cáceres Tinto Crianza 2020,"8,25 €",,"8,25 €/ud",,Bebidas,Vinos,Tinto,https://static.carrefour.es/hd_510x_/img_pim_food/000206_00_1.jpg
https://www.carrefour.es/supermercado/caldo-de-pollo-contenido-reducido-en-sal-carrefour-sin-gluten-1-l/R-846300364/p,Caldo de pollo contenido reducido en sal Carrefour sin gluten 1 l.,"0,75 €",,"0,75 €/l",,La Despensa,"Conservas, Sopas y Precocinados","Caldos, Sopas y Pure",https://static.carrefour.es/hd_510x_/img_pim_food/017555_00_1.jpg
https://www.carrefour.es/supermercado/cordon-bleu-de-pechuga-de-pollo-pavo-y-queso-400-g/R-VC4AECOMM-605127/p,"Cordon bleu de pechuga de pollo, pavo y queso 400 g","4,50 €",,"11,25 €/kg",,Productos Frescos,Platos Preparados Cocinados,Fritos,https://static.carrefour.es/hd_510x_/img_pim_food/605127_00_1.jpg
https://www.carrefour.es/supermercado/nata-para-cocinar-espesa-president-pack-de-2-unidades-de-250-ml/R-521010750/p,Nata para cocinar espesa Président pack de 2 unidades de 250 ml.,"4,25 €",,"8,50 €/l",,La Despensa,Lácteos,Nata,https://static.carrefour.es/hd_510x_/img_pim_food/797682_00_1.jpg
https://www.carrefour.es/supermercado/pudding-sabor-a-avellana-arla-protein-sin-azucar-anadido-200-g/R-VC4AECOMM-395368/p,Pudding sabor a avellana Arla Protein sin azúcar añadido 200 g.,"2,15 €",,"10,75 €/kg",,La Despensa,Yogures y Postres,,https://static.carrefour.es/hd_510x_/img_pim_food/395368_00_1.jpg
https://www.carrefour.es/supermercado/limpiador-madera-don-limpio-13-l/R-VC4AECOMM-451139/p,"Limpiador madera Don Limpio 1,3 l.","4,25 €",,"3,27 €/l",,Limpieza y Hogar,Productos para toda la casa,Suelos,https://static.carrefour.es/hd_510x_/img_pim_food/451139_00_1.jpg
https://www.carrefour.es/supermercado/cabeza-de-cerdo-iberico-con-pistachos-en-lonchas-embutidos-frial-180-g/R-795705048/p,Cabeza de cerdo ibérico con pistachos en lonchas Embutidos Frial 180 g,"4,15 €",,"23,06 €/kg",,Productos Frescos,Charcutería,Mortadela y Chopped,https://static.carrefour.es/hd_510x_/img_pim_food/896472_00_1.jpg
https://www.carrefour.es/supermercado/vino-tinto-barrica-mencia-tilenus-coleccion-barricas-vendimia-seleccionada-do-bierzo-75-cl/R-prod750114/p,Tilenus Coleccion Barricas 2021,"15,00 €",,"15,00 €/ud",,Bebidas,Vinos,Tinto,https://static.carrefour.es/hd_510x_/img_pim_food/858431_00_1.jpg
https://www.carrefour.es/supermercado/limpiacristales-con-amoniaco-3-en-1-expert-carrefour-1-l/R-VC4AECOMM-470563/p,Limpiacristales con amoniaco 3 en 1 Expert Carrefour 1 l.,"1,11 €",,"1,11 €/l",,Limpieza y Hogar,Productos para toda la casa,Limpiacristales y Multiusos,https://static.carrefour.es/hd_510x_/img_pim_food/470563_00_1.jpg
https://www.carrefour.es/supermercado/patatas-fritas-campesinas-lays-150-g/R-VC4AECOMM-718772/p,Patatas fritas campesinas Lay's 150 g.,"2,15 €",,"14,33 €/kg",,La Despensa,Aperitivos,Patatas Fritas,https://static.carrefour.es/hd_510x_/img_pim_food/718772_00_1.jpg
https://www.carrefour.es/supermercado/lechuga-hoja-de-roble-roja-250-g-aprox/R-521032295/p,Lechuga hoja de roble roja 250 g aprox,"1,48 €",,"1,48 €/ud",,Productos Frescos,Verduras y hortalizas,Ensaladas y Verduras Preparadas,https://static.carrefour.es/hd_510x_/img_pim_food/142715_00_1.jpg
https://www.carrefour.es/supermercado/cafe-capsulas-espresso-roast-starbucks-compatible-con-nespresso-10-ud/R-prod1161121/p,Café cápsulas espresso roast Starbucks compatible con Nespresso 10 ud.,"3,99 €",,"70,00 €/kg",,La Despensa,Desayuno,Cafés,https://static.carrefour.es/hd_510x_/img_pim_food/213195_00_1.jpg
https://www.carrefour.es/supermercado/humidificador-difusor-de-esencia-con-luz-ambar-1-ud/R-VC4AECOMM-555731/p,Humidificador difusor de esencia con luz Ambar 1 ud.,"11,59 €",,"11,59 €/ud",,Limpieza y Hogar,Ambientadores,Decorativos,https://static.carrefour.es/hd_510x_/img_pim_food/555731_00_1.jpg
https://www.carrefour.es/supermercado/queso-fresco-de-cabra-el-abuelo-300-g/R-590203311/p,Queso fresco de cabra El Abuelo 300 g.,"3,21 €",,"10,70 €/kg",,Productos Frescos,Quesos,Queso Fresco,https://static.carrefour.es/hd_510x_/img_pim_food/075438_00_1.jpg
https://www.carrefour.es/supermercado/crema-de-alicia-de-calabaza-zanahoria-y-guisantes-knorr-500-ml/R-fprod1370243/p,"Crema de Alicia de calabaza, zanahoria y guisantes Knorr 500 ml.","2,29 €",,"4,58 €/l",,La Despensa,"Conservas, Sopas y Precocinados","Caldos, Sopas y Pure",https://static.carrefour.es/hd_510x_/img_pim_food/350131_00_1.jpg
https://www.carrefour.es/supermercado/judias-verdes-planas-findus-1-kg/R-712515239/p,Judías verdes planas Findus 1 kg.,"4,75 €",,"4,75 €/kg",,Congelados,Verduras Congeladas,,https://static.carrefour.es/hd_510x_/img_pim_food/435058_00_1.jpg
https://www.carrefour.es/supermercado/queso-fresco-sin-sal-burgo-de-arias-pack-de-3-unidades-de-72-g/R-521030561/p,Queso fresco sin sal Burgo de Arias pack de 3 unidades de 72 g.,"3,05 €",,"14,12 €/kg",,Productos Frescos,Quesos,Todos los Quesos,https://static.carrefour.es/hd_510x_/img_pim_food/304853_00_1.jpg
https://www.carrefour.es/supermercado/coca-cola-zero-azucar-pack-12-latas-33-cl/R-530014641/p,Coca Cola zero azúcar pack 12 latas 33 cl.,"10,44 €",,"2,64 €/l",,Bebidas,Refrescos,Colas,https://static.carrefour.es/hd_510x_/img_pim_food/745103_00_1.jpg
https://www.carrefour.es/supermercado/comida-humeda-de-pollo-para-gato-carrefour-100-g/R-550901833/p,Comida húmeda de pollo para gato Carrefour 100 g.,"0,41 €",,"4,10 €/kg",,Mascotas,Gatos,Pienso para gatos,https://static.carrefour.es/hd_510x_/img_pim_food/580497_00_1.jpg
https://www.carrefour.es/supermercado/pudding-sabor-a-caramelo-salado-proteina-plus-carrefour-sensation-sin-gluten-y-sin-azucar-anadido-200-g/R-VC4AECOMM-185266/p,Pudding sabor a caramelo salado proteína plus Carrefour Sensation sin gluten y sin azúcar añadido 200 g.,"1,41 €",,"7,05 €/kg",,La Despensa,Yogures y Postres,Proteína,https://static.carrefour.es/hd_510x_/img_pim_food/185266_00_1.jpg
https://www.carrefour.es/supermercado/galletas-chiquilin-artiach-sin-azucar-anadido-422-g/R-VC4AECOMM-360993/p,Galletas Chiquilín Artiach sin azúcar añadido 422 g.,"4,29 €",,"10,17 €/kg",,La Despensa,Desayuno,Galletas,https://static.carrefour.es/hd_510x_/img_pim_food/360993_00_1.jpg
https://www.carrefour.es/supermercado/patatas-fritas-lisas-classic-carrefour-170-g/R-521003684/p,Patatas fritas lisas Classic Carrefour 170 g.,"1,19 €",,"7,00 €/kg",,La Despensa,Aperitivos,Patatas Fritas,https://static.carrefour.es/hd_510x_/img_pim_food/498824_00_1.jpg
https://www.carrefour.es/supermercado/cepillo-de-tinte-para-el-pelo-ponette-1-ud/R-fprod1460616/p,Cepillo de tinte para el pelo Ponette 1 ud.,"1,43 €",,"1,43 €/ud",,Perfumería e Higiene,Cabello,"Cepillos, Peines y Accesorios",https://static.carrefour.es/hd_510x_/img_pim_food/403997_00_1.jpg
https://www.carrefour.es/supermercado/jamon-cocido-extra-en-lonchas-sin-colorantes-edicion-1954-elpozo-sin-gluten-y-sin-lactosa-120-g/R-prod261142/p,Jamón cocido extra en lonchas sin colorantes Edición 1954 ElPozo sin gluten y sin lactosa 120 g,"2,19 €",,"14,60 €/kg",,Productos Frescos,Charcutería,Jamón Cocido y Lacón,https://static.carrefour.es/hd_510x_/img_pim_food/710204_00_1.jpg
https://www.carrefour.es/supermercado/smoothie-de-mango-y-maracuya-innocent-sin-azucares-anadidos-botella-25-cl/R-835367321/p,Smoothie de mango y maracuyá Innocent sin azúcares añadidos botella 25 cl.,"2,19 €",,"8,76 €/l",,Bebidas,Aguas y Zumos,Zumos Refrigerados,https://static.carrefour.es/hd_510x_/img_pim_food/970746_00_1.jpg
https://www.carrefour.es/supermercado/ensalada-enrollados-de-pollo-300-g/R-prod160048/p,Ensalada enrollados de pollo 300 g,"3,56 €",,"11,87 €/kg",,Productos Frescos,Verduras y hortalizas,Ensaladas y Verduras Preparadas,https://static.carrefour.es/hd_510x_/img_pim_food/232730_00_1.jpg
https://www.carrefour.es/supermercado/salsa-brava-orlando-sin-gluten-envase-290-g/R-716511070/p,Salsa brava Orlando sin gluten envase 290 g.,"1,61 €",,"5,55 €/kg",,La Despensa,Alimentación,Salsas y Tomate Frito,https://static.carrefour.es/hd_510x_/img_pim_food/433087_00_1.jpg
https://www.carrefour.es/supermercado/costilla-de-cerdo-adobada-650-g-aprox/R-522714420/p,Costilla de cerdo adobada 650 g aprox,"6,34 €",,"9,75 €/kg",,Productos Frescos,Carnicería,Otras carnes,https://static.carrefour.es/hd_510x_/img_pim_food/297338_00_1.jpg
https://www.carrefour.es/supermercado/pan-rallado-casero-crujiente-classic-carrefour-500-g/R-VC4AECOMM-347135/p,Pan rallado casero crujiente Classic Carrefour 500 g.,"1,05 €",,"2,10 €/kg",,La Despensa,"Panaderia, Bollería y Pastelería",Pan rallado y rebozados,https://static.carrefour.es/hd_510x_/img_pim_food/347135_00_1.jpg
https://www.carrefour.es/supermercado/protegeslip-normal-fresh-en-bolsitas-evax-40-ud/R-prod730990/p,Protegeslip normal fresh en bolsitas Evax 40 ud.,"2,59 €",,"0,06 €/ud",,Perfumería e Higiene,Higiene íntima,Protege Slip,https://static.carrefour.es/hd_510x_/img_pim_food/855642_00_1.jpg
https://www.carrefour.es/supermercado/molinillo-popurri-de-pimientas-carmencita-sin-gluten-37-g/R-808943892/p,Molinillo Popurrí de pimientas Carmencita sin gluten 37 g.,"5,79 €",,"156,49 €/kg",,La Despensa,Alimentación,Especias y Sazonadores,https://static.carrefour.es/hd_510x_/img_pim_food/463175_00_1.jpg
https://www.carrefour.es/supermercado/acondicionador-reparador-para-cabello-seco-y-danado-ultra-repair-science-les-cosmetiques-400-ml/R-VC4AECOMM-577354/p,Acondicionador reparador para cabello seco y dañado Ultra Repair Science Les Cosmétiques 400 ml.,"1,80 €",,"0,45 €/100ml",,Perfumería e Higiene,Cabello,Acondicionadores,https://static.carrefour.es/hd_510x_/img_pim_food/577354_00_1.jpg
https://www.carrefour.es/supermercado/comida-humeda-seleccion-carnes-mixtas-en-gelatina-para-perro-cesar-pack-de-4-unidades-de-100-g/R-826004295/p,Comida húmeda selección carnes mixtas en gelatina para perro Cesar pack de 4 unidades de 100 g.,"3,55 €",,"8,87 €/kg",,Mascotas,Perros,Pienso para perros,https://static.carrefour.es/hd_510x_/img_pim_food/904450_00_1.jpg
https://www.carrefour.es/supermercado/protectores-auditivos-de-silicona-moldeada-solupharm-2-ud/R-789702723/p,Protectores auditivos de silicona moldeada Solupharm 2 ud.,"3,55 €",,"1,77 €/ud",,Parafarmacia,Botiquín,Oído y Protectores,https://static.carrefour.es/hd_510x_/img_pim_food/885034_00_1.jpg
https://www.carrefour.es/supermercado/mantequilla-carrefour-250-g/R-fprod1350155/p,Mantequilla Carrefour 250 g.,"2,59 €",,"10,36 €/kg",,La Despensa,Lácteos,Mantequillas y Margarinas,https://static.carrefour.es/hd_510x_/img_pim_food/337333_00_1.jpg
https://www.carrefour.es/supermercado/champu-y-acondicionador-anticaspa-2-en-1-para-todo-tipo-de-cabello-science-les-cosmetiques-400-ml/R-prod1000547/p,Champú y acondicionador anticaspa 2 en 1 para todo tipo de cabello Science Les Cosmétiques 400 ml.,"1,72 €",,"0,43 €/100ml",,Perfumería e Higiene,Cabello,Acondicionadores,https://static.carrefour.es/hd_510x_/img_pim_food/081650_00_1.jpg
https://www.carrefour.es/supermercado/vino-blanco-carrefour-classic-brik-1-l/R-520661414/p,Vino blanco Carrefour Classic brik 1 l.,"0,96 €",,"0,96 €/l",,Bebidas,Vinos,Blanco,https://static.carrefour.es/hd_510x_/img_pim_food/513373_00_1.jpg
https://www.carrefour.es/supermercado/yogur-liquido-de-fresa-y-platano-danone-danonino-pack-de-4-bolsitas-de-70-g/R-prod390121/p,Yogur líquido de fresa y plátano Danone Danonino pack de 4 bolsitas de 70 g.,"2,65 €",,"9,46 €/kg",,La Despensa,Yogures y Postres,Yogures Infantiles,https://static.carrefour.es/hd_510x_/img_pim_food/455892_00_1.jpg
https://www.carrefour.es/supermercado/comida-humeda-seleccion-clasicos-para-perro-cesar-pack-de-8-unidades-de-150-g/R-prod221478/p,Comida húmeda selección clásicos para perro Cesar pack de 8 unidades de 150 g.,"11,39 €",,"9,49 €/kg",,Mascotas,Perros,Pienso para perros,https://static.carrefour.es/hd_510x_/img_pim_food/214371_00_1.jpg
https://www.carrefour.es/supermercado/preservativos-nature-control-12-ud/R-521000997/p,Preservativos nature Control 12 ud.,"6,79 €",,"0,57 €/ud",,Perfumería e Higiene,Bienestar Sexual,Preservativos,https://static.carrefour.es/hd_510x_/img_pim_food/576583_00_1.jpg
https://www.carrefour.es/supermercado/licor-limoncello-villa-massa-70-cl/R-546102532/p,Licor limoncello Villa Massa 70 cl.,"16,09 €",,"22,99 €/l",,,,,https://static.carrefour.es/hd_510x_/img_pim_food/595883_00_1.jpg
https://www.carrefour.es/supermercado/plantilla-confort-kids-carrefour-expert-1-par/R-542004462/p,Plantilla confort kids Carrefour Expert 1 par.,"2,35 €",,"2,35 €/ud",,Limpieza y Hogar,Calzado,Plantillas de Calzado,https://static.carrefour.es/hd_510x_/img_pim_food/228444_00_1.jpg
https://www.carrefour.es/supermercado/jabon-de-manos-avena-soft-carrefour-500-ml/R-VC4AECOMM-434677/p,Jabón de manos avena Soft Carrefour 500 ml.,"1,60 €",,"0,32 €/100ml",,Perfumería e Higiene,Baño e Higiene Corporal,Jabón de Manos,https://static.carrefour.es/hd_510x_/img_pim_food/434677_00_1.jpg
https://www.carrefour.es/supermercado/cafe-frappuccino-starbucks-250-ml/R-716101865/p,Café frappuccino Starbucks 250 ml,"2,65 €",,"10,60 €/l",,La Despensa,Desayuno,Cafés,https://static.carrefour.es/hd_510x_/img_pim_food/492273_00_1.jpg
https://www.carrefour.es/supermercado/barritas-de-galleta-y-chocolate-nestle-extrafino-pack-de-6-unidades-de-18-g/R-VC4AECOMM-444651/p,Barritas de galleta y chocolate Nestlé Extrafino pack de 6 unidades de 18 g.,"1,62 €",,"15,00 €/kg",,La Despensa,Dulce,Bombones y Chocolates,https://static.carrefour.es/hd_510x_/img_pim_food/444651_00_1.jpg
https://www.carrefour.es/supermercado/fregona-algodon-carrefour-blanca/R-609302130/p,Fregona Algodón CARREFOUR - Blanca,"1,24 €",,"1,24 €/ud",,Limpieza y Hogar,Utensilios de Limpieza,Fregonas,https://static.carrefour.es/hd_510x_/img_pim_food/257402_00_1.jpg
https://www.carrefour.es/supermercado/nachos-redondos-clasicos-sensation-carrefour-200-g/R-VC4AECOMM-696562/p,Nachos redondos clásicos Sensation Carrefour 200 g.,"1,20 €",,"6,00 €/kg",,La Despensa,Aperitivos,Snacks,https://static.carrefour.es/hd_510x_/img_pim_food/696562_00_1.jpg
https://www.carrefour.es/supermercado/helado-sabor-a-vainilla-con-relleno-al-cacao-pirulo-mikolapiz-sin-gluten-5-ud/R-prod720177/p,Helado sabor a vainilla con relleno al cacao Pirulo Mikolápiz sin gluten 5 ud.,"5,89 €",,"1,18 €/ud",,Congelados,Helados,Polos,https://static.carrefour.es/hd_510x_/img_pim_food/852086_00_1.jpg
https://www.carrefour.es/supermercado/bolsita-de-multifrutas-desde-6-meses-nestle-sin-gluten-y-sin-azucar-anadido-90-g/R-823705650/p,Bolsita de multifrutas desde 6 meses Nestlé sin gluten y sin azúcar añadido 90 g.,"1,30 €",,"14,44 €/kg",,Bebé,Alimentación infantil,"Postres, Zumos, Petit y Yogures Infantiles",https://static.carrefour.es/hd_510x_/img_pim_food/958499_00_1.jpg
https://www.carrefour.es/supermercado/cafe-descafeinado-al-agua-en-capsulas-carrefour-compatible-con-dolce-gusto-30-unidades-de-7-g/R-fprod1280762/p,Café descafeinado al agua en cápsulas Carrefour compatible con Dolce Gusto 30 unidades de 7 g.,"5,45 €",,"25,95 €/kg",,La Despensa,Desayuno,Cafés,https://static.carrefour.es/hd_510x_/img_pim_food/331364_00_1.jpg
https://www.carrefour.es/supermercado/agua-de-colonia-indomito-poseidon-150-ml/R-prod70862/p,Agua de colonia Indómito Poseidon 150 ml.,"14,19 €",,"9,46 €/100ml",,Perfumería e Higiene,Baño e Higiene Corporal,Colonias,https://static.carrefour.es/hd_510x_/img_pim_food/016897_00_1.jpg
https://www.carrefour.es/supermercado/vino-tinto-de-mesa-vegas-del-rivilla-2-l/R-530014417/p,Vino tinto de mesa Vegas del Rivilla 2 l.,"2,29 €",,"1,14 €/l",,,,,https://static.carrefour.es/hd_510x_/img_pim_food/147037_00_1.jpg
https://www.carrefour.es/supermercado/puerro-en-rodajas-carrefour-classic-1-kg/R-521033161/p,Puerro en rodajas Carrefour Classic 1 kg.,"1,99 €",,"1,99 €/kg",,Congelados,Verduras Congeladas,,https://static.carrefour.es/hd_510x_/img_pim_food/796534_00_1.jpg
https://www.carrefour.es/supermercado/pienso-light-pollo-y-arroz-para-perros-adultos-medium-maxi-ultima-3-kg/R-550701838/p,Pienso light pollo y arroz para perros adultos medium maxi Ultima 3 Kg,"15,09 €",,"5,03 €/kg",,Mascotas,Perros,Pienso para perros,https://static.carrefour.es/hd_510x_/img_pim_food/636197_00_1.jpg
https://www.carrefour.es/supermercado/aceite-corporal-aloe-vera-carrefour-400-ml/R-VC4AECOMM-423607/p,Aceite corporal aloe vera Carrefour 400 ml.,"1,65 €",,"0,41 €/100ml",,Perfumería e Higiene,Cuidado y Protección Corporal,"Body Milk, Hidratación Bajo la Ducha",https://static.carrefour.es/hd_510x_/img_pim_food/423607_00_1.jpg
https://www.carrefour.es/supermercado/vino-tinto-roble-tempranillo-enrique-i-do-ribera-de-duero-75-cl/R-prod1010216/p,Vino tinto roble tempranillo Enrique I D.O. Ribera de Duero 75 cl.,"4,19 €",,"4,19 €/ud",,Bebidas,Vinos,Tinto,https://static.carrefour.es/hd_510x_/img_pim_food/091582_00_1.jpg
https://www.carrefour.es/supermercado/tallarines-gallo-sin-gluten-450-g/R-VC4AECOMM-594204/p,Tallarines Gallo sin gluten 450 g.,"2,19 €",,"4,87 €/kg",,La Despensa,Alimentación,Pastas,https://static.carrefour.es/hd_510x_/img_pim_food/594204_00_1.jpg
https://www.carrefour.es/supermercado/desodorante-roll-on-antitranspirante-48h-eucerin-pack-de-2-unidades-de-50-ml/R-662602170/p,Desodorante roll on antitranspirante 48h Eucerin pack de 2 unidades de 50 ml.,"10,35 €",,"10,35 €/100ml",,Parafarmacia,Cuidado corporal,Desodorantes,https://static.carrefour.es/hd_510x_/img_pim_food/313156_00_1.jpg
https://www.carrefour.es/supermercado/refresco-de-naranja-fanta-con-gas-pack-de-2-botellas-de-2-l/R-520660539/p,Refresco de naranja Fanta con gas pack de 2 botellas de 2 l.,"3,49 €",,"0,87 €/l",,Bebidas,Refrescos,Sabores con Gas,https://static.carrefour.es/hd_510x_/img_pim_food/361229_00_1.jpg
https://www.carrefour.es/supermercado/melocoton-mitades-en-almibar-sin-azucar-anadido-classic-carrefour-480-g/R-VC4AECOMM-136584/p,Melocotón mitades en almibar sin azúcar añadido Classic Carrefour 480 g.,"1,68 €",,"3,50 €/kg",,La Despensa,"Conservas, Sopas y Precocinados",Conservas de Frutas,https://static.carrefour.es/hd_510x_/img_pim_food/136584_00_1.jpg
https://www.carrefour.es/supermercado/sopa-de-ternera-con-estrellitas-gallina-blanca-pack-de-3-sobres-de-74-g/R-prod490101/p,Sopa de ternera con estrellitas Gallina Blanca pack de 3 sobres de 74 g.,"2,65 €",,"11,94 €/kg",,La Despensa,"Conservas, Sopas y Precocinados","Caldos, Sopas y Pure",https://static.carrefour.es/hd_510x_/img_pim_food/830659_00_1.jpg
https://www.carrefour.es/supermercado/copa-de-chocolate-con-nata-nestle-la-lechera-pack-de-4-unidades-de-100-g/R-521029882/p,Copa de chocolate con nata Nestlé La Lechera pack de 4 unidades de 100 g.,"2,55 €",,"6,37 €/kg",,La Despensa,Yogures y Postres,"Natillas, Cremas y Copas",https://static.carrefour.es/hd_510x_/img_pim_food/646009_00_1.jpg
https://www.carrefour.es/supermercado/compresas-higienicas-sin-alas-noche-clasica-ausonia-9-ud/R-VC4AECOMM-083490/p,Compresas higiénicas sin alas noche Clásica Ausonia 9 ud.,"2,59 €",,"0,29 €/ud",,Perfumería e Higiene,Higiene íntima,Compresas,https://static.carrefour.es/hd_510x_/img_pim_food/083490_00_1.jpg
https://www.carrefour.es/supermercado/mini-huevos-de-chocolate-blanco-rellenos-de-leche-y-avellanas-kinder-schoko-bons-200-g/R-prod780115/p,Mini huevos de chocolate blanco rellenos de leche y avellanas Kinder Schoko-Bons 200 g.,"4,69 €",,"23,45 €/kg",,La Despensa,Dulce,Bombones y Chocolates,https://static.carrefour.es/hd_510x_/img_pim_food/864247_00_1.jpg
https://www.carrefour.es/supermercado/whisky-cutty-sark-escoces-175-l/R-753307280/p,"Whisky Cutty Sark escocés 1,75 l.","28,10 €",,"16,06 €/l",,,,,https://static.carrefour.es/hd_510x_/img_pim_food/727293_00_1.jpg
https://www.carrefour.es/supermercado/galletas-de-chocolate-digestive-zero-gullon-sin-azucar-270-g/R-526539149/p,Galletas de chocolate digestive Zero Gullón sin azúcar 270 g.,"3,59 €",,"13,30 €/kg",,La Despensa,Desayuno,Galletas,https://static.carrefour.es/hd_510x_/img_pim_food/717754_00_1.jpg
https://www.carrefour.es/supermercado/suavizante-concentrado-maldivas-relajante-aromaterapia-vernel-80-lavados/R-VC4AECOMM-473714/p,Suavizante concentrado maldivas relajante Aromaterapia Vernel 80 lavados.,"5,25 €",,"0,07 €/lavado",,Limpieza y Hogar,Cuidado de la Ropa,Suavizantes,https://static.carrefour.es/hd_510x_/img_pim_food/473714_00_1.jpg
https://www.carrefour.es/supermercado/galletas-barquillo-rellenas-de-crema-sabor-nata-artinata-original-artiach-210-g/R-521002941/p,Galletas barquillo rellenas de crema sabor nata Artinata Original Artiach 210 g.,"2,49 €",,"11,86 €/kg",,La Despensa,Desayuno,Galletas,https://static.carrefour.es/hd_510x_/img_pim_food/166313_00_1.jpg
https://www.carrefour.es/supermercado/tarrito-de-manzana-y-platano-ecologico-carrefour-baby-bio-200-g/R-VC4AECOMM-432779/p,Tarrito de manzana y plátano ecológico Carrefour Baby Bio 200 g.,"1,42 €",,"7,10 €/kg",,Bebé,Alimentación infantil,Tarritos y Platos Preparados,https://static.carrefour.es/hd_510x_/img_pim_food/432779_00_1.jpg
https://www.carrefour.es/supermercado/cafe-con-leche-intenso-en-capsulas-nescafe-dolce-gusto-16-unidades-de-10-g/R-prod395593/p,Café con leche intenso en cápsulas Nescafé Dolce Gusto 16 unidades de 10 g.,"4,89 €",,"30,56 €/kg",,La Despensa,Desayuno,Cafés,https://static.carrefour.es/hd_510x_/img_pim_food/503834_00_1.jpg
https://www.carrefour.es/supermercado/whiskey-jack-daniels-70-cl/R-520662280/p,Jack Daniels Tennessee Whisky,"23,90 €",,"34,14 €/l",,Bebidas,Alcoholes,Whisky y Bourbon,https://static.carrefour.es/hd_510x_/img_pim_food/000320_00_1.jpg
https://www.carrefour.es/supermercado/papel-de-cocina-resistente-maxi-roll-carrefour-1-rollo/R-prod590603/p,Papel de cocina resistente Maxi Roll Carrefour 1 rollo.,"2,85 €",,"2,85 €/ud",,Limpieza y Hogar,Papel y Celulosa,Papel Cocina y Multiusos,https://static.carrefour.es/hd_510x_/img_pim_food/839491_00_1.jpg
https://www.carrefour.es/supermercado/zumo-de-uva-roja-ecologico-carrefour-bio-brik-1-l/R-prod880430/p,Zumo de uva roja ecológico Carrefour Bio brik 1 l.,"2,19 €",,"2,19 €/l",,Bebidas,Aguas y Zumos,Zumos no Refrigerados,https://static.carrefour.es/hd_510x_/img_pim_food/025660_00_1.jpg
https://www.carrefour.es/supermercado/barritas-de-miel-para-periquitos-vitakraft-2-uds/R-830826743/p,Barritas de miel para periquitos Vitakraft 2 uds,"1,66 €",,"0,83 €/ud",,Mascotas,Pájaros,Pienso para pájaros,https://static.carrefour.es/hd_510x_/img_pim_food/361695_00_1.jpg
https://www.carrefour.es/supermercado/pechuga-de-pavo-en-lonchas-extrafinas-carrefour-el-mercado-sin-gluten-100-g/R-VC4AECOMM-164384/p,Pechuga de pavo en lonchas extrafinas Carrefour El Mercado sin gluten 100 g,"2,49 €",,"27,67 €/kg",,Productos Frescos,Charcutería,Fiambre de Pavo y Pollo,https://static.carrefour.es/hd_510x_/img_pim_food/164384_00_1.jpg
https://www.carrefour.es/supermercado/licor-de-crema-de-orujo-by-jan-3-l/R-VC4AECOMM-442739/p,Licor de crema de orujo By J.A.N 3 l.,"20,70 €",,"6,90 €/l",,Bebidas,Licores y Cremas,Cremas,https://static.carrefour.es/hd_510x_/img_pim_food/442739_00_1.jpg
https://www.carrefour.es/supermercado/bonito-del-norte-en-aceite-de-oliva-consorcio-135-g/R-827614049/p,Bonito del norte en aceite de oliva Consorcio 135 g.,"7,65 €",,"56,67 €/kg",,La Despensa,"Conservas, Sopas y Precocinados",Conservas de Pescado y Marisco,https://static.carrefour.es/hd_510x_/img_pim_food/935734_00_1.jpg
https://www.carrefour.es/supermercado/aceite-corporal-dulces-suenos-johnsons-baby-300-ml/R-prod1120285/p,Aceite corporal Dulces Sueños Johnson's Baby 300 ml.,"4,19 €",,"1,40 €/100ml",,Bebé,Perfumería e Higiene,Aceite Corporal,https://static.carrefour.es/hd_510x_/img_pim_food/167822_00_1.jpg
https://www.carrefour.es/supermercado/acondicionador-molecular-bond-repair-pro-v-miracles-pantene-160-ml/R-VC4AECOMM-312397/p,Acondicionador Molecular Bond Repair Pro-V Miracles Pantene 160 ml.,"5,65 €",,"3,53 €/100ml",,Perfumería e Higiene,Cabello,Acondicionadores,https://static.carrefour.es/hd_510x_/img_pim_food/312397_00_1.jpg
https://www.carrefour.es/supermercado/salchichas-alemanas-cocidas-tipo-bratwurst-campofrio-sin-gluten-260-g/R-521031133/p,Salchichas alemanas cocidas tipo Bratwurst Campofrío sin gluten 260 g.,"2,79 €",,"10,73 €/kg",,Productos Frescos,Charcutería,Salchichas,https://static.carrefour.es/hd_510x_/img_pim_food/002840_00_1.jpg
https://www.carrefour.es/supermercado/gel-para-lavavajillas-automaticos-fragancia-limon-fairy-platinum-50-lavados/R-VC4AECOMM-351421/p,Gel para lavavajillas automáticos fragancia limón Fairy Platinum 50 lavados.,"12,09 €",,"0,24 €/lavado",,Limpieza y Hogar,Productos para Cocina,Lavavajillas a máquina,https://static.carrefour.es/hd_510x_/img_pim_food/351421_00_1.jpg
https://www.carrefour.es/supermercado/agua-mineral-fuente-primavera-15-l/R-695701669/p,"Agua mineral Fuente Primavera 1,5 l.","0,25 €",,"0,17 €/l
- 1,50 €/6 uds.",,Bebidas,Aguas y Zumos,"Agua de 0,75 a 2 litros",https://static.carrefour.es/hd_510x_/img_pim_food/474835_00_1.jpg
https://www.carrefour.es/supermercado/fideos-udon-itsu-150-g/R-VC4AECOMM-359387/p,Fideos udon Itsu 150 g,"1,93 €",,"12,87 €/kg",,La Despensa,"Conservas, Sopas y Precocinados",Platos Preparados,https://static.carrefour.es/hd_510x_/img_pim_food/359387_00_1.jpg
https://www.carrefour.es/supermercado/discos-desmaq-oval-crf-80-uds/R-526627294/p,DISCOS DESMAQ OVAL CRF 80 UDS,"1,24 €",,"0,02 €/ud",,Perfumería e Higiene,Cuidado y Protección Corporal,Limpieza Facial,https://static.carrefour.es/hd_510x_/img_pim_food/258700_00_1.jpg
https://www.carrefour.es/supermercado/caldo-natural-de-jamon-aneto-sin-gluten-y-sin-lactosa-brik-1-l/R-521005803/p,Caldo natural de jamón Aneto sin gluten y sin lactosa brik 1 l.,"4,29 €",,"4,29 €/l",,La Despensa,"Conservas, Sopas y Precocinados","Caldos, Sopas y Pure",https://static.carrefour.es/hd_510x_/img_pim_food/518599_00_1.jpg
https://www.carrefour.es/supermercado/panales-dodot-bebe-seco-t5-12-17-kg-56-ud/R-VC4AECOMM-799264/p,Pañales Dodot bebé-seco T5+ (12-17 kg.) 56 ud.,"28,80 €",,"0,51 €/ud",,Bebé,Pañales y Toallitas,Pañales Dodot,https://static.carrefour.es/hd_510x_/img_pim_food/799264_00_1.jpg
https://www.carrefour.es/supermercado/laurel-manojo-de-100-g/R-521032028/p,Laurel manojo de 100 g,"1,42 €",,"14,20 €/kg",,Productos Frescos,Verduras y hortalizas,Hierbas Aromáticas y especias,https://static.carrefour.es/hd_510x_/img_pim_food/050301_00_1.jpg
https://www.carrefour.es/supermercado/horchata-de-chufa-carrefour-original-sin-gluten-botella-1-l/R-813066412/p,Horchata de chufa Carrefour Original sin gluten botella 1 l.,"2,09 €",,"2,09 €/l",,La Despensa,Lácteos,Batidos y Horchatas,https://static.carrefour.es/hd_510x_/img_pim_food/928972_00_1.jpg
https://www.carrefour.es/supermercado/tarrito-de-bacalao-con-patatas-y-verduras-desde-6-meses-ecologico-smileat-sin-gluten-230-g/R-VC4AECOMM-354606/p,Tarrito de bacalao con patatas y verduras desde 6 meses ecológico Smileat sin gluten 230 g.,"2,95 €",,"12,83 €/kg",,Bebé,Alimentación infantil,Tarritos y Platos Preparados,https://static.carrefour.es/hd_510x_/img_pim_food/354606_00_1.jpg
https://www.carrefour.es/supermercado/zumo-de-manzana-granini-ecologico-botella-1-l/R-VC4AECOMM-050586/p,Zumo de manzana Granini ecológico botella 1 l.,"3,29 €",,"3,29 €/l",,Bebidas,Aguas y Zumos,Zumos no Refrigerados,https://static.carrefour.es/hd_510x_/img_pim_food/050586_00_1.jpg
https://www.carrefour.es/supermercado/muslos-de-pato-confitados-extra-carrefour-470-g/R-fprod1480288/p,Muslos de pato confitados Extra Carrefour 470 g.,"15,85 €",,"33,72 €/kg",,La Despensa,"Conservas, Sopas y Precocinados",Platos Preparados,https://static.carrefour.es/hd_510x_/img_pim_food/414640_00_1.jpg
https://www.carrefour.es/supermercado/zumo-de-frutas-y-leche-carrefour-sabor-tropical-brik-1-l/R-799715336/p,Zumo de frutas y leche Carrefour sabor tropical brik 1 l.,"0,95 €",,"0,95 €/l",,Bebidas,Aguas y Zumos,Zumos no Refrigerados,https://static.carrefour.es/hd_510x_/img_pim_food/902169_00_1.jpg
https://www.carrefour.es/supermercado/compresas-para-incontinencia-de-orina-extra-seguridad-maxi-discreet-ausonia-16-ud/R-prod1161175/p,Compresas para incontinencia de orina extra seguridad maxi Discreet Ausonia 16 ud.,"8,39 €",,"0,52 €/ud",,Perfumería e Higiene,Higiene íntima,Incontinencia,https://static.carrefour.es/hd_510x_/img_pim_food/212589_00_1.jpg
https://www.carrefour.es/supermercado/vino-tinto-crianza-ramon-bilbao-doca-rioja-15-l/R-607402243/p,Ramon Bilbao Crianza 2019,"19,49 €",,"19,49 €/ud",,Bebidas,Vinos,Tinto,https://static.carrefour.es/hd_510x_/img_pim_food/394017_00_1.jpg
https://www.carrefour.es/supermercado/bocaditos-pan-de-cristal-sensation-carrefour-130-g/R-VC4AECOMM-368404/p,Bocaditos pan de cristal Sensation Carrefour 130 g.,"1,13 €",,"8,69 €/kg",,La Despensa,"Panaderia, Bollería y Pastelería","Colines, picos y crakers",https://static.carrefour.es/hd_510x_/img_pim_food/368404_00_1.jpg
https://www.carrefour.es/supermercado/desinfectante-wc-matic-activo-azul-pato-1-ud/R-521001345/p,Desinfectante WC Matic activo azul Pato 1 ud.,"3,75 €",,"75,00 €/kg",,Limpieza y Hogar,Productos para Baño,WC,https://static.carrefour.es/hd_510x_/img_pim_food/000515_00_1.jpg
https://www.carrefour.es/supermercado/salteado-de-verduras-receta-campestre-findus-salteados-500-g/R-521031683/p,Salteado de verduras receta campestre Findus-Salteados 500 g.,"4,25 €",,"8,50 €/kg",,Congelados,Salteados Congelados,,https://static.carrefour.es/hd_510x_/img_pim_food/601694_00_1.jpg
https://www.carrefour.es/supermercado/pizza-salame-mozzarella-pesto-ristorante-dr-oetker-360-g/R-795705184/p,Pizza salame mozzarella pesto Ristorante Dr. Oetker 360 g.,"3,89 €",,"10,81 €/kg",,Congelados,Pizzas Congeladas,,https://static.carrefour.es/hd_510x_/img_pim_food/896581_00_1.jpg
https://www.carrefour.es/supermercado/desodorante-es-spray-original-old-spice-150-ml/R-prod65232/p,Desodorante es spray Original Old Spice 150 ml.,"4,29 €",,"2,86 €/100ml",,Perfumería e Higiene,Baño e Higiene Corporal,Desodorantes,https://static.carrefour.es/hd_510x_/img_pim_food/244138_00_1.jpg
https://www.carrefour.es/supermercado/queso-de-cabra-tierno-carrefour-classic-200-g/R-VC4AECOMM-335207/p,Queso de cabra tierno Carrefour Classic 200 g,"4,65 €",,"23,25 €/kg",,Productos Frescos,Quesos,Todos los Quesos,https://static.carrefour.es/hd_510x_/img_pim_food/335207_00_1.jpg
https://www.carrefour.es/supermercado/molinillo-sazonador-de-sal-y-trufa-carmencita-sin-gluten-360-g/R-VC4AECOMM-688567/p,Molinillo sazonador de sal y trufa Carmencita sin gluten 360 g.,"12,35 €",,"34,31 €/kg",,La Despensa,Alimentación,Sales y Bicarbonatos,https://static.carrefour.es/hd_510x_/img_pim_food/688567_00_1.jpg
https://www.carrefour.es/supermercado/cigarrillos-de-tolosa-de-chocolate-de-nuestra-tierra-200-g/R-793846720/p,Cigarrillos de Tolosa de chocolate De Nuestra Tierra 200 g.,"4,99 €",,"24,95 €/kg",,La Despensa,Desayuno,Galletas,https://static.carrefour.es/hd_510x_/img_pim_food/892196_00_1.jpg
https://www.carrefour.es/supermercado/azucar-blanco-carrefour-1-kg/R-VC4AECOMM-463155/p,Azúcar blanco Carrefour 1 kg.,"1,10 €",,"1,10 €/kg",,La Despensa,Desayuno,Azúcar y Edulcorantes,https://static.carrefour.es/hd_510x_/img_pim_food/463155_00_1.jpg
https://www.carrefour.es/supermercado/mariscada-cocida-congelado-extra-carrefour-500-g/R-VC4AECOMM-124834/p,Mariscada cocida congelado Extra Carrefour 500 g.,"13,25 €",,"26,50 €/kg",,,,,https://static.carrefour.es/hd_510x_/img_pim_food/124834_00_1.jpg
https://www.carrefour.es/supermercado/crema-gel-bright-boost-neutrogena-50-ml/R-VC4AECOMM-499526/p,Crema gel Bright Boost Neutrogena 50 ml.,"22,50 €",,"45,00 €/100ml",,Parafarmacia,Cuidado e higiene facial,Cremas faciales,https://static.carrefour.es/hd_510x_/img_pim_food/499526_00_1.jpg
https://www.carrefour.es/supermercado/pechuga-de-pavo-asada-en-lonchas-receta-artesana-el-pozo-sin-gluten-y-sin-lactosa-170-g/R-prod271817/p,Pechuga de pavo asada en lonchas Receta Artesana El Pozo sin gluten y sin lactosa 170 g,"3,39 €",,"19,94 €/kg",,Productos Frescos,Charcutería,Fiambre de Pavo y Pollo,https://static.carrefour.es/hd_510x_/img_pim_food/303618_00_1.jpg
https://www.carrefour.es/supermercado/vino-tinto-crianza-cune-doca-rioja-75-cl/R-520662399/p,Cune Tinto Crianza 2020,"6,95 €",,"6,95 €/ud",,Bebidas,Vinos,Tinto,https://static.carrefour.es/hd_510x_/img_pim_food/000193_00_1.jpg
https://www.carrefour.es/supermercado/ron-malibu-con-coco-1-l/R-521011786/p,Ron Malibu con coco 1 l.,"18,09 €",,"18,09 €/l",,Bebidas,Alcoholes,Ron,https://static.carrefour.es/hd_510x_/img_pim_food/288471_00_1.jpg
https://www.carrefour.es/supermercado/churros-crujientes-y-tiernos-ultracongelados-original-carrefour-500-g/R-521031462/p,Churros crujientes y tiernos ultracongelados Original Carrefour 500 g.,"1,45 €",,"2,90 €/kg",,Congelados,Rebozados y Platos Preparados,,https://static.carrefour.es/hd_510x_/img_pim_food/796734_00_1.jpg
https://www.carrefour.es/supermercado/fanta-de-naranja-mini-pack-6-latas-20-cl/R-VC4AECOMM-432265/p,Fanta de naranja mini pack 6 latas 20 cl.,"3,75 €",,"3,12 €/l",,Bebidas,Refrescos,Sabores con Gas,https://static.carrefour.es/hd_510x_/img_pim_food/432265_00_1.jpg
https://www.carrefour.es/supermercado/queso-de-oveja-anejo-dop-zamorano-de-nuestra-tierra-250-g/R-VC4AECOMM-682919/p,Queso de oveja añejo D.O.P Zamorano De Nuestra Tierra 250 g,"6,69 €",,"26,76 €/kg",,Productos Frescos,Quesos,Añejo,https://static.carrefour.es/hd_510x_/img_pim_food/682919_00_1.jpg
https://www.carrefour.es/supermercado/surtido-de-pastas-artesanas-reglero-400-g/R-528412714/p,Surtido de pastas artesanas Reglero 400 g.,"5,19 €",,"12,97 €/kg",,La Despensa,Desayuno,Galletas,https://static.carrefour.es/hd_510x_/img_pim_food/143802_00_1.jpg
https://www.carrefour.es/supermercado/pudding-de-proteina-desnatado-sabor-chocolate-y-avellana-sin-azucar-danone-yopro-sin-gluten-180-g/R-VC4AECOMM-214214/p,Pudding de proteína desnatado sabor chocolate y avellana sin azúcar Danone Yopro sin gluten 180 g.,"1,95 €",,"10,83 €/kg",,La Despensa,Yogures y Postres,Proteína,https://static.carrefour.es/hd_510x_/img_pim_food/214214_00_1.jpg
https://www.carrefour.es/supermercado/queso-curado-ya-cortado-garcia-baquero-225-g/R-VC4AECOMM-681638/p,Queso curado ya cortado García Baquero 225 g,"5,29 €",,"23,51 €/kg",,Productos Frescos,Quesos,Tablas de quesos,https://static.carrefour.es/hd_510x_/img_pim_food/681638_00_1.jpg
https://www.carrefour.es/supermercado/kas-de-limon-pack-de-2-botellas-de-2-l/R-526627350/p,Kas de limón pack de 2 botellas de 2 l.,"3,25 €",,"0,81 €/l",,Bebidas,Refrescos,Sabores con Gas,https://static.carrefour.es/hd_510x_/img_pim_food/363343_00_1.jpg
https://www.carrefour.es/supermercado/pechuga-de-pollo-al-natural-classic-carrefour-pack-de-2-unidades-de-52-g/R-VC4AECOMM-083628/p,Pechuga de pollo al natural Classic Carrefour pack de 2 unidades de 52 g.,"2,09 €",,"24,88 €/kg",,La Despensa,"Conservas, Sopas y Precocinados",Conservas de Carne,https://static.carrefour.es/hd_510x_/img_pim_food/083628_00_1.jpg
https://www.carrefour.es/supermercado/comida-humeda-tartalette-surtido-para-gato-adulto-purina-gourmet-gold-12x85-g/R-prod770081/p,Comida húmeda tartalette surtido para gato adulto Purina Gourmet Gold 12x85 g.,"8,69 €",,"8,52 €/kg",,Mascotas,Gatos,Pienso para gatos,https://static.carrefour.es/hd_510x_/img_pim_food/862742_00_1.jpg
https://www.carrefour.es/supermercado/semillas-de-lino-molidas-sin-azucar-anadido-ecologicas-ecocesta-sin-gluten-200-g/R-fprod1350006/p,Semillas de lino molidas sin azúcar añadido ecológicas EcoCesta sin gluten 200 g.,"4,58 €",,"22,90 €/kg",,La Despensa,Alimentación,Semillas,https://static.carrefour.es/hd_510x_/img_pim_food/336544_00_1.jpg
https://www.carrefour.es/supermercado/bifidus-con-frutos-del-bosque-danone-activia-pack-de-4-unidades-de-120-g/R-521029568/p,Bífidus con frutos del bosque Danone Activia pack de 4 unidades de 120 g.,"2,49 €",,"5,19 €/kg",,La Despensa,Yogures y Postres,Bífidus,https://static.carrefour.es/hd_510x_/img_pim_food/002943_00_1.jpg
https://www.carrefour.es/supermercado/palmera-de-azucar-carrefour-4-ud/R-525964548/p,Palmera de azúcar Carrefour 4 ud,"2,95 €",,"0,74 €/ud",,Productos Frescos,Panadería Tradicional,Bollería Tradicional,https://static.carrefour.es/hd_510x_/img_pim_food/035852_00_1.jpg
https://www.carrefour.es/supermercado/espuma-de-afeitar-para-piel-sensible-gillette-200-ml/R-VC4AECOMM-230551/p,Espuma de afeitar para piel sensible Gillette 200 ml.,"3,39 €",,"1,69 €/100ml",,Perfumería e Higiene,Depilación y Afeitado,Afeitado,https://static.carrefour.es/hd_510x_/img_pim_food/230551_00_1.jpg
https://www.carrefour.es/supermercado/leche-fresca-de-cabra-granja-noe-botella-750-ml/R-VC4AECOMM-151862/p,Leche fresca de cabra Granja Noé botella 750 ml.,"4,58 €",,"6,11 €/l",,La Despensa,Lácteos,Leche,https://static.carrefour.es/hd_510x_/img_pim_food/151862_00_1.jpg
https://www.carrefour.es/supermercado/estuche-con-3-botellas-de-vino-tinto-reserva-vina-albali-do-valdepenas-75-cl/R-678001902/p,Estuche 3 Bot. Viña Albali Tinto Reserva 2018,"11,19 €",,"11,19 €/ud",,,,,https://static.carrefour.es/hd_510x_/img_pim_food/046505_00_1.jpg
https://www.carrefour.es/supermercado/tinte-classic-6d-rubio-oscuro-dorado-farmatint-1-ud/R-590507702/p,Tinte Classic 6D Rubio Oscuro Dorado Farmatint 1 ud.,"9,29 €",,"9,29 €/ud",,Parafarmacia,Cabello,Tintes,https://static.carrefour.es/hd_510x_/img_pim_food/541540_00_1.jpg
https://www.carrefour.es/supermercado/tarrito-de-cocido-de-ternera-desde-8-meses-hero-baby-sin-gluten-pack-de-2-unidades-190-g/R-551303131/p,Tarrito de cocido de ternera desde 8 meses Hero Baby sin gluten pack de 2 unidades 190 g.,"2,99 €",,"7,87 €/kg",,Bebé,Alimentación infantil,Tarritos y Platos Preparados,https://static.carrefour.es/hd_510x_/img_pim_food/240717_00_1.jpg
https://www.carrefour.es/supermercado/guante-reforzado-de-latex-carrefour-g-2-ud-bicolor/R-818900248/p,Guante Reforzado de Látex CARREFOUR G 2 ud - Bicolor,"1,50 €",,"1,50 €/ud",,Limpieza y Hogar,Utensilios de Limpieza,Guantes,https://static.carrefour.es/hd_510x_/img_pim_food/947075_00_1.jpg
https://www.carrefour.es/supermercado/confitura-de-melocoton-diet-hero-sin-azucar-anadido-280-g/R-prod720273/p,Confitura de melocotón Diet Hero sin azúcar añadido 280 g.,"2,75 €",,"9,82 €/kg",,La Despensa,Dulce,"Mermeladas, Membrillos y Compotas",https://static.carrefour.es/hd_510x_/img_pim_food/852336_00_1.jpg
https://www.carrefour.es/supermercado/yogur-estilo-griego-con-trocitos-de-chocolate-y-sabor-a-vainilla-yaos-sin-gluten-pack-de-4-unidades-de-115-g/R-VC4AECOMM-046017/p,Yogur estilo griego con trocitos de chocolate y sabor a vainilla Yaos sin gluten pack de 4 unidades de 115 g.,"1,76 €",,"3,83 €/kg",,La Despensa,Yogures y Postres,Yogures Griegos y Enriquecidos,https://static.carrefour.es/hd_510x_/img_pim_food/046017_00_1.jpg
https://www.carrefour.es/supermercado/preparado-para-hacer-tarta-mousse-sabor-limon-en-polvo-royal-207-g/R-522713709/p,Preparado para hacer tarta mousse sabor limón en polvo Royal 207 g.,"4,49 €",,"21,69 €/kg",,,,,https://static.carrefour.es/hd_510x_/img_pim_food/020293_00_1.jpg
https://www.carrefour.es/supermercado/helado-sorbete-de-mandarina-carrefour-427-g/R-fprod1210170/p,Helado sorbete de mandarina Carrefour 427 g.,"3,45 €",,"8,08 €/kg",,Congelados,Helados,Tarrinas,https://static.carrefour.es/hd_510x_/img_pim_food/256710_00_1.jpg
https://www.carrefour.es/supermercado/fresas-de-goma-fini-sin-gluten-180-g/R-827617773/p,Fresas de goma Fini sin gluten 180 g.,"1,73 €",,"9,61 €/kg",,La Despensa,Dulce,Dulces y Golosinas,https://static.carrefour.es/hd_510x_/img_pim_food/912259_00_1.jpg
https://www.carrefour.es/supermercado/salchichon-extra-carrefour-el-mercado-pack-de-2-unidades-de-120-g/R-VC4AECOMM-248781/p,Salchichón Extra Carrefour El Mercado pack de 2 unidades de 120 g,"2,19 €",,"9,12 €/kg",,Productos Frescos,Charcutería,"Salchichón, Salami y Fuet",https://static.carrefour.es/hd_510x_/img_pim_food/248781_00_1.jpg
https://www.carrefour.es/supermercado/bebida-de-arroz-calcio-sin-azucar-anadido-carrefour-sin-gluten-brik-1-l/R-VC4AECOMM-554214/p,Bebida de arroz calcio sin azúcar añadido Carrefour sin gluten brik 1 l.,"1,10 €",,"1,10 €/l",,La Despensa,Lácteos,Bebida Vegetal,https://static.carrefour.es/hd_510x_/img_pim_food/554214_00_1.jpg
https://www.carrefour.es/supermercado/gel-de-ducha-hidratante-piel-muy-seca-pro-hydrate-cuidado-experto-sanex-600-ml/R-VC4AECOMM-624115/p,Gel de ducha hidratante piel muy seca Pro Hydrate Cuidado Experto Sanex 600 ml.,"3,59 €",,"0,60 €/100ml",,Perfumería e Higiene,Baño e Higiene Corporal,Geles de Baño,https://static.carrefour.es/hd_510x_/img_pim_food/624115_00_1.jpg
https://www.carrefour.es/supermercado/vino-tinto-crianza-tempranillo-portia-prima-do-ribera-del-duero-75-cl/R-546102624/p,Portia Tinto Crianza 2019,"12,75 €",,"12,75 €/ud",,Bebidas,Vinos,Tinto,https://static.carrefour.es/hd_510x_/img_pim_food/792069_00_1.jpg
https://www.carrefour.es/supermercado/cebollitas-grandes-extra-carrefour-370-g/R-prod351155/p,Cebollitas grandes Extra Carrefour 370 g.,"2,45 €",,"6,62 €/kg",,La Despensa,Aperitivos,Aceitunas y Encurtidos,https://static.carrefour.es/hd_510x_/img_pim_food/417815_00_1.jpg
https://www.carrefour.es/supermercado/cerveza-ambar-triple-zero-lata-33-cl/R-589802158/p,Cerveza Ambar triple zero lata 33 cl.,"0,87 €",,"2,64 €/l",,Bebidas,Cerveza,Todas las Cervezas,https://static.carrefour.es/hd_510x_/img_pim_food/232597_00_1.jpg
https://www.carrefour.es/supermercado/caramelos-fruit-mix-mentos-160-g/R-prod620088/p,Caramelos fruit mix Mentos 160 g.,"2,50 €",,"15,62 €/kg",,La Despensa,Dulce,Dulces y Golosinas,https://static.carrefour.es/hd_510x_/img_pim_food/841405_00_1.jpg
https://www.carrefour.es/supermercado/infusion-frutal-de-frambuesa-en-bolsitas-hornimans-20-ud/R-527030672/p,Infusión frutal de frambuesa en bolsitas Hornimans 20 ud.,"2,89 €",,"96,33 €/kg",,La Despensa,Desayuno,Infusiones y Tés,https://static.carrefour.es/hd_510x_/img_pim_food/118055_00_1.jpg
https://www.carrefour.es/supermercado/gel-de-ducha-hidratante-avena-instituto-espanol-1250-ml/R-522713540/p,Gel de ducha hidratante avena Instituto Español 1250 ml.,"2,45 €",,"0,20 €/100ml",,Perfumería e Higiene,Baño e Higiene Corporal,Geles de Baño,https://static.carrefour.es/hd_510x_/img_pim_food/051793_00_1.jpg
https://www.carrefour.es/supermercado/cafe-soluble-descafeinado-carrefour-200-g/R-521003069/p,Café soluble descafeinado Carrefour 200 g.,"3,65 €",,"18,25 €/kg",,La Despensa,Desayuno,Cafés,https://static.carrefour.es/hd_510x_/img_pim_food/230412_00_1.jpg
https://www.carrefour.es/supermercado/tonico-facial-calmante-aloe-vera-babaria-200-ml/R-VC4AECOMM-479712/p,Tónico facial calmante aloe vera Babaria 200 ml.,"3,65 €",,"1,82 €/100ml",,Perfumería e Higiene,Cuidado y Protección Corporal,Limpieza Facial,https://static.carrefour.es/hd_510x_/img_pim_food/479712_00_1.jpg
https://www.carrefour.es/supermercado/ambientador-electrico-aire-fresco-aparato-y-recambio-ambi-pur-1-ud/R-prod1161010/p,Ambientador eléctrico aire fresco aparato y recambio Ambi Pur 1 ud.,"7,69 €",,"7,69 €/ud",,Limpieza y Hogar,Ambientadores,Eléctricos,https://static.carrefour.es/hd_510x_/img_pim_food/209640_00_1.jpg
https://www.carrefour.es/supermercado/vino-tinto-crianza-edicion-limitada-ramon-bilbao-doca-rioja-75-cl/R-607402571/p,Ramon Bilbao Edición Limitada 2020,"15,25 €",,"15,25 €/ud",,,,,https://static.carrefour.es/hd_510x_/img_pim_food/503331_00_1.jpg
https://www.carrefour.es/supermercado/barritas-de-fruta-y-frutos-secos-con-cacao-nakd-sin-azucar-anadido-140-g/R-fprod1180423/p,Barritas de fruta y frutos secos con cacao nakd sin azúcar añadido 140 g.,"3,55 €",,"25,36 €/kg",,,,,https://static.carrefour.es/hd_510x_/img_pim_food/227142_00_1.jpg
https://www.carrefour.es/supermercado/vino-tinto-barrica-tempranillo-federico-paternina-banda-azul-vendimia-seleccionada-doca-rioja-75-cl/R-VC4AECOMM-808840/p,Federico Paternina Banda Azul 2022,"6,79 €",,"6,79 €/ud",,,,,https://static.carrefour.es/hd_510x_/img_pim_food/808840_00_1.jpg
https://www.carrefour.es/supermercado/abrillantador-lavavajillas-carrefour-expert-1-l/R-VC4AECOMM-083535/p,Abrillantador lavavajillas Carrefour Expert 1 l.,"1,55 €",,"1,55 €/l",,Limpieza y Hogar,Productos para Cocina,Aditivos y limpiamáquinas,https://static.carrefour.es/hd_510x_/img_pim_food/083535_00_1.jpg
https://www.carrefour.es/supermercado/gazpacho-con-hortalizas-frescas-carrefour-sin-gluten-1-l/R-521030389/p,Gazpacho con hortalizas frescas Carrefour sin gluten 1 l.,"2,35 €",,"2,35 €/l",,La Despensa,"Conservas, Sopas y Precocinados",Gazpacho y Salmorejo,https://static.carrefour.es/hd_510x_/img_pim_food/356730_00_1.jpg
https://www.carrefour.es/supermercado/galletas-cacao-minis-carrefour-classic-500-g/R-VC4AECOMM-563139/p,Galletas cacao minis Carrefour Classic 500 g.,"1,95 €",,"3,90 €/kg",,La Despensa,Desayuno,Galletas,https://static.carrefour.es/hd_510x_/img_pim_food/563139_00_1.jpg
https://www.carrefour.es/supermercado/maquinillas-depilatorias-desechables-con-aceite-infantil-y-aloe-blue-ii-plus-gillette-5-ud/R-521009116/p,Maquinillas depilatorias desechables con aceite infantil y aloe Blue II Plus Gillette 5 ud.,"3,29 €",,"0,66 €/ud",,Perfumería e Higiene,Depilación y Afeitado,Maquinillas y Recambios,https://static.carrefour.es/hd_510x_/img_pim_food/483599_00_1.jpg
https://www.carrefour.es/supermercado/limpiador-bano-antical-con-vinagre-ecologico-frosch-1-l/R-546101880/p,Limpiador baño antical con vinagre ecológico Frosch 1 l.,"3,65 €",,"3,65 €/l",,Limpieza y Hogar,Productos para Baño,Limpiadores Baño,https://static.carrefour.es/hd_510x_/img_pim_food/000664_00_1.jpg
https://www.carrefour.es/supermercado/atun-claro-en-aceite-de-girasol-albo-sin-gluten-y-sin-lacotsa-pack-de-6-latas-de-65-g/R-VC4AECOMM-411168/p,Atún claro en aceite de girasol Albo sin gluten y sin lacotsa pack de 6 latas de 65 g.,"7,15 €",,"24,83 €/kg",,La Despensa,"Conservas, Sopas y Precocinados",Conservas de Pescado y Marisco,https://static.carrefour.es/hd_510x_/img_pim_food/411168_00_1.jpg
https://www.carrefour.es/supermercado/pienso-de-aves-y-verduras-para-perro-adulto-purina-dog-menu-15-kg/R-842200526/p,Pienso de aves y verduras para perro adulto Purina Dog Menú 15 Kg.,"29,80 €",,"1,99 €/kg",,Mascotas,Perros,Pienso para perros,https://static.carrefour.es/hd_510x_/img_pim_food/964847_00_1.jpg
https://www.carrefour.es/supermercado/queso-de-vaca-tierno-200-g/R-prod420079/p,Queso de vaca tierno 200 g.,"1,75 €",,"8,75 €/kg",,Productos Frescos,Quesos,Todos los Quesos,https://static.carrefour.es/hd_510x_/img_pim_food/822371_00_1.jpg
https://www.carrefour.es/supermercado/maquinilla-mach3-gillette-1-ud/R-VC4AECOMM-629204/p,Maquinilla Mach3 Gillette 1 ud.,"9,89 €",,"9,89 €/ud",,Perfumería e Higiene,Depilación y Afeitado,Maquinillas y Recambios,https://static.carrefour.es/hd_510x_/img_pim_food/629204_00_1.jpg
https://www.carrefour.es/supermercado/cacao-soluble-dulcinea-sin-gluten-500-g/R-prod760328/p,Cacao soluble Dulcinea sin Gluten 500 g.,"2,19 €",,"4,38 €/kg",,La Despensa,Desayuno,Cacaos y Cereales Solubles,https://static.carrefour.es/hd_510x_/img_pim_food/859988_00_1.jpg
https://www.carrefour.es/supermercado/pan-de-molde-de-5-cereales-sin-corteza-ecologico-artebianca-400-g/R-prod971669/p,Pan de molde de 5 cereales sin corteza ecológico Artebianca 400 g.,"4,59 €",,"11,47 €/kg",,La Despensa,"Panaderia, Bollería y Pastelería",Pan de Molde,https://static.carrefour.es/hd_510x_/img_pim_food/068594_00_1.jpg
https://www.carrefour.es/supermercado/jamon-de-pavo-cocido-en-finas-lonchas-carrefour-el-mercado-sin-gluten-225-g/R-VC4AECOMM-633785/p,Jamón de Pavo Cocido en finas lonchas Carrefour El Mercado sin gluten 225 g,"1,75 €",,"7,78 €/kg",,Productos Frescos,Charcutería,Mortadela y Chopped,https://static.carrefour.es/hd_510x_/img_pim_food/633785_00_1.jpg
https://www.carrefour.es/supermercado/queso-de-mezcla-tierno-lihgt-el-ventero-550-g/R-VC4AECOMM-685194/p,Queso de mezcla tierno lihgt El Ventero 550 g,"11,41 €",,"20,75 €/kg",,Productos Frescos,Quesos,Tierno,https://static.carrefour.es/hd_510x_/img_pim_food/685194_00_1.jpg
https://www.carrefour.es/supermercado/dentifrico-blanqueador-bicarbonato-signal-100-ml/R-VC4AECOMM-214758/p,Dentífrico blanqueador bicarbonato Signal 100 ml.,"1,75 €",,"1,75 €/100ml",,Perfumería e Higiene,Boca y Sonrisa,Dentífricos,https://static.carrefour.es/hd_510x_/img_pim_food/214758_00_1.jpg
https://www.carrefour.es/supermercado/ambientador-para-lavavajillas-aroma-limon-finish-60-lavados/R-521001525/p,Ambientador para lavavajillas aroma limón Finish 60 lavados.,"4,79 €",,"4,79 €/ud",,Limpieza y Hogar,Productos para Cocina,Aditivos y limpiamáquinas,https://static.carrefour.es/hd_510x_/img_pim_food/668015_00_1.jpg
https://www.carrefour.es/supermercado/banderillas-sabor-anchoa-rioverde-sin-gluten-170-g/R-521004021/p,Banderillas sabor anchoa Rioverde sin gluten 170 g.,"2,55 €",,"15,00 €/kg",,La Despensa,Aperitivos,Aceitunas y Encurtidos,https://static.carrefour.es/hd_510x_/img_pim_food/705765_00_1.jpg
https://www.carrefour.es/supermercado/fino-spritz-croft-twist-lata-25-cl/R-VC4AECOMM-362456/p,Fino spritz Croft Twist lata 25 cl.,"2,25 €",,"2,25 €/ud",,,,,https://static.carrefour.es/hd_510x_/img_pim_food/362456_00_1.jpg
https://www.carrefour.es/supermercado/limonada-carrefour-botella-1-l/R-530362942/p,Limonada Carrefour botella 1 l.,"2,15 €",,"2,15 €/l",,Bebidas,Aguas y Zumos,Zumos no Refrigerados,https://static.carrefour.es/hd_510x_/img_pim_food/158263_00_1.jpg
https://www.carrefour.es/supermercado/comida-humeda-de-carnes-para-gato-adulto-whiskas-12x85-g/R-VC4AECOMM-209313/p,Comida húmeda de carnes para gato adulto Whiskas 12x85 g,"6,15 €",,"6,03 €/kg",,Mascotas,Gatos,Pienso para gatos,https://static.carrefour.es/hd_510x_/img_pim_food/209313_00_1.jpg
https://www.carrefour.es/supermercado/cafe-grano-torrefacto-carrefour-500-g/R-prod223900/p,Café grano torrefacto Carrefour 500 g.,"5,09 €",,"10,18 €/kg",,La Despensa,Desayuno,Cafés,https://static.carrefour.es/hd_510x_/img_pim_food/333101_00_1.jpg
https://www.carrefour.es/supermercado/yogur-griego-con-mango-nestle-yaos-sin-gluten-pack-de-4-unidades-de-115-g/R-prod395146/p,Yogur griego con mango Nestle - Yaos sin gluten pack de 4 unidades de 115 g.,"1,69 €",,"3,67 €/kg",,La Despensa,Yogures y Postres,Yogur Natural y Sabores,https://static.carrefour.es/hd_510x_/img_pim_food/383430_00_1.jpg
https://www.carrefour.es/supermercado/caramelos-de-goma-cinema-mix-fini-sin-gluten-180-g/R-prod240365/p,Caramelos de goma Cinema Mix Fini sin gluten 180 g.,"2,09 €",,"12,67 €/kg",,La Despensa,Dulce,Dulces y Golosinas,https://static.carrefour.es/hd_510x_/img_pim_food/285072_00_1.jpg
https://www.carrefour.es/supermercado/champu-solido-tesoros-de-miel-para-cabello-danado-y-quebradizo-original-remedies-garnier-60-g/R-VC4AECOMM-589554/p,Champú sólido Tesoros de miel para cabello dañado y quebradizo Original Remedies Garnier 60 g.,"5,29 €",,"8,82 €/100g",,Perfumería e Higiene,Cabello,Champús,https://static.carrefour.es/hd_510x_/img_pim_food/589554_00_1.jpg
https://www.carrefour.es/supermercado/fajitas-barbacoa-kit-old-el-paso-500-g/R-521029363/p,Fajitas barbacoa Kit Old El Paso 500 g.,"6,79 €",,"13,45 €/kg",,La Despensa,"Conservas, Sopas y Precocinados","Tortillas, Empanadillas y Sandwiches",https://static.carrefour.es/hd_510x_/img_pim_food/183015_00_1.jpg
https://www.carrefour.es/supermercado/agua-mineral-font-vella-33-cl/R-520661023/p,Agua mineral Font Vella 33 cl.,"0,53 €",,"1,61 €/l
- 3,18 €/6 uds.",,Bebidas,Aguas y Zumos,"Agua hasta 0,75 litros",https://static.carrefour.es/hd_510x_/img_pim_food/513720_00_1.jpg
https://www.carrefour.es/supermercado/emulsion-dermo-tensora-y-reductora-minucell-elifexir-200-ml/R-668202139/p,Emulsión dermo tensora y reductora Minucell E'lifexir 200 ml.,"14,59 €",,"7,29 €/100ml",,Parafarmacia,Cuidado corporal,Cremas y Lociones,https://static.carrefour.es/hd_510x_/img_pim_food/328878_00_1.jpg
https://www.carrefour.es/supermercado/cerveza-sin-alcohol-pack-de-6-botellas-de-25-cl/R-520661344/p,Cerveza sin alcohol pack de 6 botellas de 25 cl.,"2,09 €",,"1,39 €/l",,Bebidas,Cerveza,Sin Alcohol,https://static.carrefour.es/hd_510x_/img_pim_food/668340_00_1.jpg
https://www.carrefour.es/supermercado/leche-infantil-para-lactantes-en-polvo-hero-baby-nutrasense-premium-1-lata-800-g/R-prod820285/p,Leche infantil para lactantes en polvo Hero Baby Nutrasense Premium 1 lata 800 g.,"18,35 €",,"22,94 €/kg",,Bebé,Alimentación infantil,Leches Infantiles,https://static.carrefour.es/hd_510x_/img_pim_food/264587_00_1.jpg
https://www.carrefour.es/supermercado/filtro-de-agua-philips-x-guard-ultrafiltracion/R-VC4AECOMM-695004/p,Filtro de Agua PHILIPS X-Guard Ultrafiltración,"24,90 €",,"24,90 €/ud",,Limpieza y Hogar,Menaje,Jarras y filtros de agua,https://static.carrefour.es/hd_510x_/img_pim_food/695004_00_1.jpg
https://www.carrefour.es/supermercado/cepillo-de-dientes-extra-suave-lacer-1-ud/R-590507992/p,Cepillo de dientes extra suave Lacer 1 ud.,"4,89 €",,"4,89 €/ud",,Parafarmacia,Higiene Bucal,Cepillos y Seda,https://static.carrefour.es/hd_510x_/img_pim_food/548517_00_1.jpg
https://www.carrefour.es/supermercado/agua-de-colonia-masculina-varon-dandy-1-l/R-520663743/p,Agua de colonia masculina Varon Dandy 1 l.,"9,95 €",,"0,99 €/100ml",,Perfumería e Higiene,Baño e Higiene Corporal,Colonias,https://static.carrefour.es/hd_510x_/img_pim_food/022399_00_1.jpg
https://www.carrefour.es/supermercado/contorno-de-ojos-anti-arrugas-firmeza-loreal-revitalift-1-ud/R-520663933/p,Contorno de ojos Anti-arrugas + firmeza L'Oréal-Revitalift 1 ud.,"9,75 €",,"65,00 €/100ml",,Perfumería e Higiene,Cuidado y Protección Corporal,Piel,https://static.carrefour.es/hd_510x_/img_pim_food/001287_00_1.jpg
https://www.carrefour.es/supermercado/tinte-classic-5n-castano-claro-farmatint-1-ud/R-590507696/p,Tinte Classic 5N Castaño Claro Farmatint 1 ud.,"9,29 €",,"9,29 €/ud",,Parafarmacia,Cabello,Tintes,https://static.carrefour.es/hd_510x_/img_pim_food/541529_00_1.jpg
https://www.carrefour.es/supermercado/ensalada-new-yorker-carrefour-210-g/R-844803403/p,Ensalada New Yorker Carrefour 210 g,"2,89 €",,"13,76 €/kg",,Productos Frescos,Verduras y hortalizas,Ensaladas y Verduras Preparadas,https://static.carrefour.es/hd_510x_/img_pim_food/988652_00_1.jpg
https://www.carrefour.es/supermercado/mascara-de-pestanas-scandaleyes-volume-on-demand-001-black-rimmel-1-ud/R-VC4AECOMM-441302/p,Máscara de pestañas scandaleyes volume on demand 001 black Rimmel 1 ud.,"11,89 €",,"11,89 €/ud",,Perfumería e Higiene,Cosmética,Ojos,https://static.carrefour.es/hd_510x_/img_pim_food/441302_00_1.jpg
https://www.carrefour.es/supermercado/limpia-lavadoras-original-colon-250-ml/R-827510494/p,Limpia lavadoras Original Colon 250 ml.,"5,39 €",,"21,56 €/l",,Limpieza y Hogar,Cuidado de la Ropa,Limpiadores y Antical para Lavadora,https://static.carrefour.es/hd_510x_/img_pim_food/962159_00_1.jpg
https://www.carrefour.es/supermercado/perejil-ultracongelado-carrefour-50-g/R-prod210275/p,Perejil ultracongelado Carrefour 50 g.,"1,23 €",,"12,30 €/kg",,Congelados,Verduras Congeladas,,https://static.carrefour.es/hd_510x_/img_pim_food/262539_00_1.jpg
https://www.carrefour.es/supermercado/ginebra-mare-capri-70-cl/R-VC4AECOMM-305645/p,Mare Ginebra,"3,95 €",,"5,64 €/l",,,,,https://static.carrefour.es/hd_510x_/img_pim_food/305645_00_1.jpg
https://www.carrefour.es/supermercado/ginebra-seagrams-extra-70-cl/R-546102614/p,Seagram'S Ginebra,"17,55 €",,"25,07 €/l",,,,,https://static.carrefour.es/hd_510x_/img_pim_food/790820_00_1.jpg
https://www.carrefour.es/supermercado/eyeliner-glitter-diamond-magic-studio-1-ud/R-VC4AECOMM-054563/p,Eyeliner Glitter Diamond Magic Studio 1 ud.,"3,35 €",,"3,35 €/ud",,Perfumería e Higiene,Cosmética,Ojos,https://static.carrefour.es/hd_510x_/img_pim_food/054563_00_1.jpg
https://www.carrefour.es/supermercado/vino-do-rioja-tinto-crianza-gran-vendema-75-cl/R-631307115/p,Vino D.O. Rioja tinto crianza Gran Vendema 75 cl.,"4,79 €",,"4,79 €/ud",,Bebidas,Vinos,Tinto,https://static.carrefour.es/hd_510x_/img_pim_food/807528_00_1.jpg
https://www.carrefour.es/supermercado/ropa-interior-absorbente-nina-noche-drynites-4-7-anos-17kg-30-kg-16-ud/R-521036777/p,Ropa interior absorbente niña noche DryNites 4-7 años (17kg-30 kg.) 16 ud.,"12,55 €",,"0,78 €/ud",,Bebé,Pañales y Toallitas,Pañales de Noche,https://static.carrefour.es/hd_510x_/img_pim_food/622125_00_1.jpg
https://www.carrefour.es/supermercado/tomate-natural-rallado-ecologico-carrefour-bio-230-g/R-VC4AECOMM-154047/p,Tomate natural rallado ecológico Carrefour Bio 230 g,"1,59 €",,"6,91 €/kg",,Productos Frescos,Verduras y hortalizas,Ensaladas y Verduras Preparadas,https://static.carrefour.es/hd_510x_/img_pim_food/154047_00_1.jpg
https://www.carrefour.es/supermercado/bano-de-burbujas-para-ninos-johnsons-baby-750-ml/R-prod1070221/p,Baño de burbujas para niños Johnson's Baby 750 ml.,"4,35 €",,"0,58 €/100ml",,Bebé,Perfumería e Higiene,Jabón Líquido,https://static.carrefour.es/hd_510x_/img_pim_food/130582_00_1.jpg
https://www.carrefour.es/supermercado/barrita-de-datil-y-platano-sensation-carrefour-125-g/R-VC4AECOMM-436734/p,Barrita de dátil y plátano Sensation Carrefour 125 g.,"3,19 €",,"25,52 €/kg",,La Despensa,Desayuno,Barritas,https://static.carrefour.es/hd_510x_/img_pim_food/436734_00_1.jpg
https://www.carrefour.es/supermercado/galletas-con-quinoa-y-chocolate-santiveri-sin-azucar-anadido-175-g/R-prod810410/p,Galletas con quinoa y chocolate Santiveri sin azúcar añadido 175 g.,"2,69 €",,"15,37 €/kg",,La Despensa,Desayuno,Galletas,https://static.carrefour.es/hd_510x_/img_pim_food/121947_00_1.jpg
https://www.carrefour.es/supermercado/bonito-del-norte-en-aceite-de-oliva-carrefour-260-g/R-prod780359/p,Bonito del norte en aceite de oliva Carrefour 260 g.,"5,49 €",,"21,12 €/kg",,La Despensa,"Conservas, Sopas y Precocinados",Conservas de Pescado y Marisco,https://static.carrefour.es/hd_510x_/img_pim_food/897603_00_1.jpg
https://www.carrefour.es/supermercado/tortellini-de-gorgonzola-y-nueces-rana-gourmet-250-g/R-521030294/p,Tortellini de gorgonzola y nueces Rana Gourmet 250 g.,"4,59 €",,"18,36 €/kg",,La Despensa,"Conservas, Sopas y Precocinados",Platos Preparados,https://static.carrefour.es/hd_510x_/img_pim_food/518889_00_1.jpg
https://www.carrefour.es/supermercado/cacao-soluble-carrefour-sin-gluten-500-g/R-VC4AECOMM-476184/p,Cacao soluble Carrefour sin gluten 500 g.,"2,39 €",,"4,78 €/kg",,,,,https://static.carrefour.es/hd_510x_/img_pim_food/476184_00_1.jpg
https://www.carrefour.es/supermercado/pimiento-del-piquillo-entero-extra-carrefour-620-g/R-VC4AECOMM-094788/p,Pimiento del piquillo entero Extra Carrefour 620 g.,"4,49 €",,"7,24 €/kg",,La Despensa,"Conservas, Sopas y Precocinados",Conservas de Vegetales,https://static.carrefour.es/hd_510x_/img_pim_food/094788_00_1.jpg
https://www.carrefour.es/supermercado/gel-champu-suavinex-750-ml/R-730814104/p,Gel-Champú Suavinex 750 ml.,"15,19 €",,"2,03 €/100ml",,Parafarmacia,Bebé,Champú,https://static.carrefour.es/hd_510x_/img_pim_food/681974_00_1.jpg
https://www.carrefour.es/supermercado/correa-para-perros-extensible-flexi-standard-small-5m/R-530337247/p,Correa para perros extensible flexi standard Small 5M,"12,90 €",,"12,90 €/ud",,Mascotas,Perros,Collares y Correas,https://static.carrefour.es/hd_510x_/img_pim_food/502626_00_1.jpg
https://www.carrefour.es/supermercado/albondigas-vegetarianas-veggie-balls-garden-gourmet-200-g/R-VC4AECOMM-400900/p,Albóndigas vegetarianas Veggie Balls Garden Gourmet 200 g.,"3,59 €",,"17,95 €/kg",,La Despensa,"Conservas, Sopas y Precocinados",Masa Fresca y Bases,https://static.carrefour.es/hd_510x_/img_pim_food/400900_00_1.jpg
https://www.carrefour.es/supermercado/plantequilla-con-sal-para-untar-tulipan-sin-gluten-y-sin-lactosa-200-g/R-VC4AECOMM-186292/p,Plantequilla con sal para untar Tulipan sin gluten y sin lactosa 200 g.,"2,15 €",,"10,75 €/kg",,La Despensa,Lácteos,Mantequillas y Margarinas,https://static.carrefour.es/hd_510x_/img_pim_food/186292_00_1.jpg
https://www.carrefour.es/supermercado/panuelo-mentol-carrefour-10-ud/R-750302807/p,Pañuelo mentol Carrefour 10 ud.,"1,80 €",,"0,18 €/ud",,Limpieza y Hogar,Papel y Celulosa,Pañuelos,https://static.carrefour.es/hd_510x_/img_pim_food/759402_00_1.jpg
https://www.carrefour.es/supermercado/dentifrico-cuidado-intensivo-encias-proteccion-antibacteriano-limpieza-intensiva-oral-b-75-ml/R-VC4AECOMM-391491/p,Dentífrico cuidado intensivo Encías & Protección antibacteriano limpieza intensiva Oral-B 75 ml.,"5,39 €",,"7,19 €/100ml",,Perfumería e Higiene,Boca y Sonrisa,Dentífricos,https://static.carrefour.es/hd_510x_/img_pim_food/391491_00_1.jpg
https://www.carrefour.es/supermercado/zumo-de-frutas-y-leche-carrefour-sabor-mediterraneo-pack-de-6-briks-de-20-cl/R-799397852/p,Zumo de frutas y leche Carrefour sabor mediterráneo pack de 6 briks de 20 cl.,"1,20 €",,"1,00 €/l",,Bebidas,Aguas y Zumos,Zumos no Refrigerados,https://static.carrefour.es/hd_510x_/img_pim_food/902206_00_1.jpg
https://www.carrefour.es/supermercado/papel-higienico-humedo-sensitive-carrefour-70-ud/R-VC4AECOMM-436717/p,Papel higiénico húmedo sensitive Carrefour 70 ud.,"1,75 €",,"0,02 €/ud",,Limpieza y Hogar,Papel y Celulosa,Papel Higiénico,https://static.carrefour.es/hd_510x_/img_pim_food/436717_00_1.jpg
https://www.carrefour.es/supermercado/cereales-con-frutos-secos-protein-special-k-kelloggs-330-g/R-prod1090138/p,Cereales con frutos secos Proteín Special K Kellogg's 330 g.,"4,79 €",,"14,52 €/kg",,La Despensa,Desayuno,Cereales,https://static.carrefour.es/hd_510x_/img_pim_food/144916_00_1.jpg
https://www.carrefour.es/supermercado/jabon-de-manos-en-pastilla-aloe-vera-lixone-pack-de-3-unidades-de-125-g/R-590207517/p,Jabón de manos en pastilla aloe vera Lixoné pack de 3 unidades de 125 g.,"3,45 €",,"0,92 €/100g",,Perfumería e Higiene,Baño e Higiene Corporal,Jabón de Manos,https://static.carrefour.es/hd_510x_/img_pim_food/217744_00_1.jpg
https://www.carrefour.es/supermercado/buey-de-mar-cocido-600-g/R-prod590370/p,Buey de mar cocido 600 g,"9,45 €",,"15,75 €/kg",,Congelados,Mariscos Congelados,,https://static.carrefour.es/hd_510x_/img_pim_food/838821_00_1.jpg
https://www.carrefour.es/supermercado/tcremeglosscasting210/R-520660327/p,T.CREME.GLOSS.CASTING.210,"5,99 €",,"5,99 €/ud",,Perfumería e Higiene,Cabello,Tinte,https://static.carrefour.es/hd_510x_/img_pim_food/684466_00_1.jpg
https://www.carrefour.es/supermercado/toallitas-para-bebe-baby-zero-salustar-80-ud/R-VC4AECOMM-062191/p,Toallitas para bebé Baby Zero Salustar 80 ud.,"2,65 €",,"0,03 €/ud",,Bebé,Pañales y Toallitas,Toallitas,https://static.carrefour.es/hd_510x_/img_pim_food/062191_00_1.jpg
https://www.carrefour.es/supermercado/bebida-de-frutas-de-pera-y-pina-sin-azucar-anadido-juver-disfruta-brik-2-l/R-521009200/p,Bebida de frutas de pera y piña sin azúcar añadido Juver-Disfruta brik 2 l.,"3,59 €",,"1,79 €/l",,Bebidas,Aguas y Zumos,Zumos no Refrigerados,https://static.carrefour.es/hd_510x_/img_pim_food/453014_00_1.jpg
https://www.carrefour.es/supermercado/mascarilla-capilar-hidratante-con-pepino-para-cabellos-normales-y-apagados-hair-fruits-carrefour-soft-400-ml/R-VC4AECOMM-127811/p,Mascarilla capilar hidratante con pepino para cabellos normales y apagados Hair Fruits Carrefour Soft 400 ml.,"3,65 €",,"0,91 €/100ml",,Perfumería e Higiene,Cabello,Cuidado y Tratamientos del cabello,https://static.carrefour.es/hd_510x_/img_pim_food/127811_00_1.jpg
https://www.carrefour.es/supermercado/ketchup-heinz-envase-342-g/R-521005239/p,Kétchup Heinz envase 342 g.,"2,55 €",,"8,50 €/l",,La Despensa,Alimentación,Salsas y Tomate Frito,https://static.carrefour.es/hd_510x_/img_pim_food/365932_00_1.jpg
https://www.carrefour.es/supermercado/cerveza-mahou-mixta-shandy-con-limon-pack-de-12-latas-de-33-cl/R-521010549/p,Cerveza Mahou Mixta Shandy con limón pack de 12 latas de 33 cl.,"9,69 €",,"2,45 €/l",,Bebidas,Cerveza,"Radler, Clara",https://static.carrefour.es/hd_510x_/img_pim_food/710520_00_1.jpg
https://www.carrefour.es/supermercado/galletas-rellenas-leche-cubiertas-de-chocolate-choco-mini-stars-milka-185-g/R-VC4AECOMM-178519/p,Galletas rellenas leche cubiertas de chocolate Choco Mini Stars Milka 185 g.,"3,19 €",,"17,24 €/kg",,,,,https://static.carrefour.es/hd_510x_/img_pim_food/178519_00_1.jpg
https://www.carrefour.es/supermercado/pastel-de-mantequilla-mildred-400-g/R-595501753/p,Pastel de mantequilla Mildred 400 g.,"4,19 €",,"10,47 €/kg",,La Despensa,"Panaderia, Bollería y Pastelería",Bollería,https://static.carrefour.es/hd_510x_/img_pim_food/256487_00_1.jpg
https://www.carrefour.es/supermercado/cerveza-san-miguel-especial-lager-pack-de-12-botellas-de-25-cl/R-521033441/p,Cerveza San Miguel especial Lager pack de 12 botellas de 25 cl.,"5,39 €",,"1,80 €/l",,Bebidas,Cerveza,Todas las Cervezas,https://static.carrefour.es/hd_510x_/img_pim_food/000146_00_1.jpg
https://www.carrefour.es/supermercado/balsamo-nariz-y-labios-reparacion-inmediata-neutrogena-15-ml/R-590511524/p,Bálsamo nariz y labios reparación inmediata Neutrogena 15 ml.,"7,45 €",,"49,67 €/100ml",,Parafarmacia,Cuidado e higiene facial,Cuidado Labial,https://static.carrefour.es/hd_510x_/img_pim_food/791421_00_1.jpg
https://www.carrefour.es/supermercado/sardinas-en-aceite-de-oliva-cuca-120-g/R-521006308/p,Sardinas en aceite de oliva Cuca 120 g.,"2,89 €",,"34,00 €/kg",,La Despensa,"Conservas, Sopas y Precocinados",Conservas de Pescado y Marisco,https://static.carrefour.es/hd_510x_/img_pim_food/027667_00_1.jpg
https://www.carrefour.es/supermercado/friegasuelos-concentrado-citrico-carrefour-expert-1-l/R-VC4AECOMM-675807/p,Friegasuelos concentrado cítrico Carrefour Expert 1 l.,"1,62 €",,"1,62 €/l",,Limpieza y Hogar,Productos para toda la casa,Suelos,https://static.carrefour.es/hd_510x_/img_pim_food/675807_00_1.jpg
https://www.carrefour.es/supermercado/caldo-de-pollo-100-natural-avecrem-gallina-blanca-sin-gluten-10-pastillas/R-VC4AECOMM-615317/p,Caldo de pollo 100% natural Avecrem Gallina Blanca sin gluten 10 pastillas,"1,84 €",,"20,44 €/kg",,La Despensa,"Conservas, Sopas y Precocinados","Caldos, Sopas y Pure",https://static.carrefour.es/hd_510x_/img_pim_food/615317_00_1.jpg
https://www.carrefour.es/supermercado/tarrito-de-verduritas-con-merluza-desde-6-meses-hero-baby-235-g/R-521033530/p,Tarrito de verduritas con merluza desde 6 meses Hero Baby 235 g.,"1,80 €",,"7,66 €/kg",,Bebé,Alimentación infantil,Tarritos y Platos Preparados,https://static.carrefour.es/hd_510x_/img_pim_food/002421_00_1.jpg
https://www.carrefour.es/supermercado/queso-grana-padano-dop-200-g/R-VC4AECOMM-688374/p,Queso Grana Padano D.O.P. 200 g.,"6,11 €",,"30,55 €/kg",,Productos Frescos,Quesos,Tierno,https://static.carrefour.es/hd_510x_/img_pim_food/688374_00_1.jpg
https://www.carrefour.es/supermercado/set-de-servilletas-2-capas-de-celulosa-renova-cocktail-30pz-rojo/R-650802110/p,Set de Servilletas 2 capas de Celulosa RENOVA Cocktail 30pz - Rojo,"1,99 €",,"0,07 €/ud",,Limpieza y Hogar,Papel y Celulosa,Servilletas,https://static.carrefour.es/hd_510x_/img_pim_food/634657_00_1.jpg
https://www.carrefour.es/supermercado/mascarilla-capilar-de-keratina-rizos-definidos-para-cabello-encrespado-y-rebelde-pantene-pro-v-300-ml/R-VC4AECOMM-716069/p,Mascarilla capilar de keratina rizos definidos para cabello encrespado y rebelde Pantene Pro-V 300 ml.,"4,29 €",,"1,43 €/100ml",,Perfumería e Higiene,Cabello,Cuidado y Tratamientos del cabello,https://static.carrefour.es/hd_510x_/img_pim_food/716069_00_1.jpg
https://www.carrefour.es/supermercado/flan-de-huevo-al-bano-maria-dhul-sin-lactosa-pack-de-4-unidades-de-110-g/R-prod630095/p,Flan de huevo al baño María Dhul sin lactosa pack de 4 unidades de 110 g.,"2,65 €",,"6,02 €/kg",,La Despensa,Yogures y Postres,Flanes,https://static.carrefour.es/hd_510x_/img_pim_food/843348_00_1.jpg
https://www.carrefour.es/supermercado/mayonesa-hellmanns-sin-gluten-tarro-225-ml/R-799328590/p,Mayonesa Hellmann's sin gluten tarro 225 ml.,"1,95 €",,"8,67 €/l",,La Despensa,Alimentación,Salsas y Tomate Frito,https://static.carrefour.es/hd_510x_/img_pim_food/002247_00_1.jpg
https://www.carrefour.es/supermercado/macedonia-de-frutas-variadas-en-almibar-ligero-classic-carrefour-500-g/R-VC4AECOMM-083812/p,Macedonia de frutas variadas en almíbar ligero Classic Carrefour 500 g.,"2,19 €",,"4,38 €/kg",,La Despensa,"Conservas, Sopas y Precocinados",Conservas de Frutas,https://static.carrefour.es/hd_510x_/img_pim_food/083812_00_1.jpg
https://www.carrefour.es/supermercado/locion-corporal-con-aloe-vera-nivea-400-ml/R-520664382/p,Loción corporal con Aloe Vera Nivea 400 ml.,"5,95 €",,"1,49 €/100ml",,Perfumería e Higiene,Cuidado y Protección Corporal,"Body Milk, Hidratación Bajo la Ducha",https://static.carrefour.es/hd_510x_/img_pim_food/030621_00_1.jpg
https://www.carrefour.es/supermercado/yogur-con-bolitas-de-chocolate-danone-100-g/R-VC4AECOMM-500561/p,Yogur con bolitas de chocolate Danone 100 g.,"0,69 €",,"6,90 €/kg",,La Despensa,Yogures y Postres,Yogur Natural y Sabores,https://static.carrefour.es/hd_510x_/img_pim_food/500561_00_1.jpg
https://www.carrefour.es/supermercado/leche-entera-rio-brik-1-l/R-VC4AECOMM-314943/p,Leche entera Rio brik 1 l.,"1,24 €",,"1,24 €/l",,La Despensa,Lácteos,Leche,https://static.carrefour.es/hd_510x_/img_pim_food/314943_00_1.jpg
https://www.carrefour.es/supermercado/aros-de-chocolate-negro-carrefour-128-g/R-521002820/p,Aros de chocolate negro Carrefour 128 g.,"1,05 €",,"8,20 €/kg",,La Despensa,Desayuno,Galletas,https://static.carrefour.es/hd_510x_/img_pim_food/228285_00_1.jpg
https://www.carrefour.es/supermercado/placas-para-canelones-precocidas-el-pavo-80-g/R-521005736/p,Placas para canelones precocidas El Pavo 80 g.,"1,33 €",,"16,62 €/kg",,La Despensa,Alimentación,Pastas,https://static.carrefour.es/hd_510x_/img_pim_food/571549_00_1.jpg
https://www.carrefour.es/supermercado/tetina-fisiologicas-sx-pro-de-silicona-de-flujo-medio-3m-suavinex-2-ud/R-VC4AECOMM-649313/p,Tetina fisiológicas SX Pro de silicona de flujo medio +3m Suavinex 2 ud.,"8,79 €",,"4,39 €/ud",,Parafarmacia,Bebé,Puericultura,https://static.carrefour.es/hd_510x_/img_pim_food/649313_00_1.jpg
https://www.carrefour.es/supermercado/pienso-de-buey-para-perro-adulto-mini-purina-friskies-menu-3-kg/R-794609529/p,Pienso de buey para perro adulto Mini Purina Friskies Menú 3 Kg.,"8,85 €",,"2,95 €/kg",,Mascotas,Perros,Pienso para perros,https://static.carrefour.es/hd_510x_/img_pim_food/771761_00_1.jpg
https://www.carrefour.es/supermercado/gel-de-ducha-leche-carrefour-1500-ml/R-prod1070620/p,Gel de ducha leche Carrefour 1500 ml.,"2,69 €",,"0,18 €/100ml",,Perfumería e Higiene,Baño e Higiene Corporal,Geles de Baño,https://static.carrefour.es/hd_510x_/img_pim_food/141081_00_1.jpg
https://www.carrefour.es/supermercado/pistacho-tostado-nacional-carrefour-350-g/R-613003042/p,Pistacho tostado nacional Carrefour 350 g,"7,09 €",,"20,26 €/kg",,La Despensa,Aperitivos,Frutos Secos,https://static.carrefour.es/hd_510x_/img_pim_food/135860_00_1.jpg
https://www.carrefour.es/supermercado/maquinilla-ingles-y-zona-intima-venus-gillette-1-ud/R-VC4AECOMM-249397/p,Maquinilla ingles y zona íntima Venus Gillette 1 ud.,"12,19 €",,"12,19 €/ud",,Perfumería e Higiene,Depilación y Afeitado,Maquinillas y Recambios,https://static.carrefour.es/hd_510x_/img_pim_food/249397_00_1.jpg
https://www.carrefour.es/supermercado/preparado-para-flan-y-natillas-flanin-el-nino-maizena-192-g/R-521004421/p,Preparado para flan y natillas Flanín El niño Maizena 192 g.,"1,75 €",,"9,11 €/kg",,La Despensa,Dulce,Repostería,https://static.carrefour.es/hd_510x_/img_pim_food/002013_00_1.jpg
https://www.carrefour.es/supermercado/dermojabon-azufre-antiseborreico-grisi-100-g/R-590509910/p,Dermojabón azufre antiseborreico Grisi 100 g.,"4,25 €",,"4,25 €/100g",,Parafarmacia,Cuidado corporal,Jabones y Geles,https://static.carrefour.es/hd_510x_/img_pim_food/642110_00_1.jpg
https://www.carrefour.es/supermercado/queso-grana-padano-dop-reserva-terre-ditalia-250-g/R-prod971135/p,Queso grana padano D.O.P. reserva Terre D´Italia 250 g,"10,45 €",,"41,80 €/kg",,Productos Frescos,Quesos,Curado,https://static.carrefour.es/hd_510x_/img_pim_food/678098_00_1.jpg
https://www.carrefour.es/supermercado/harina-de-garbanzos-ecologica-ecocesta-500-g/R-590205989/p,Harina de garbanzos ecológica Ecocesta 500 g.,"4,58 €",,"9,16 €/kg",,La Despensa,Alimentación,Harinas y Levaduras,https://static.carrefour.es/hd_510x_/img_pim_food/185283_00_1.jpg
https://www.carrefour.es/supermercado/cola-carrefour-classic-zero-botella-2-l/R-VC4AECOMM-720271/p,Cola Carrefour Classic' zero botella 2 l.,"0,70 €",,"0,35 €/l",,Bebidas,Refrescos,Colas,https://static.carrefour.es/hd_510x_/img_pim_food/720271_00_1.jpg
https://www.carrefour.es/supermercado/caldo-casero-de-verduras-gallina-blanca-sin-gluten-1-l/R-693401687/p,Caldo casero de verduras Gallina Blanca sin gluten 1 l.,"2,19 €",,"2,19 €/l",,La Despensa,"Conservas, Sopas y Precocinados","Caldos, Sopas y Pure",https://static.carrefour.es/hd_510x_/img_pim_food/089606_00_1.jpg
https://www.carrefour.es/supermercado/boqueron-del-cantabrico-en-aceite-casa-santona-230-g/R-prod390150/p,Boquerón del Cantábrico en aceite Casa Santoña 230 g,"5,75 €",,"25,00 €/kg",,Productos Frescos,Pescadería,Ahumados y Huevas,https://static.carrefour.es/hd_510x_/img_pim_food/456146_00_1.jpg
https://www.carrefour.es/supermercado/postre-lacteo-de-platano-desde-6-meses-nestle-yogolino-sin-aceite-de-palma-pack-de-4-unidades-de-100-g/R-521028907/p,Postre lácteo de plátano desde 6 meses Nestlé Yogolino sin aceite de palma pack de 4 unidades de 100 g.,"2,99 €",,"7,48 €/kg",,Bebé,Alimentación infantil,"Postres, Zumos, Petit y Yogures Infantiles",https://static.carrefour.es/hd_510x_/img_pim_food/461937_00_1.jpg
https://www.carrefour.es/supermercado/agua-de-colonia-chicca-bonita-aire-de-sevilla-150-ml/R-prod67567/p,Agua de colonia Chicca Bonita Aire de Sevilla 150 ml.,"14,09 €",,"9,39 €/100ml",,Perfumería e Higiene,Baño e Higiene Corporal,Colonias,https://static.carrefour.es/hd_510x_/img_pim_food/209219_00_1.jpg
https://www.carrefour.es/supermercado/tonica-schweppes-limon-lata-33-cl/R-521013553/p,Tónica Schweppes limón lata 33 cl,"0,99 €",,"3,00 €/l",,Bebidas,Refrescos,Tónica,https://static.carrefour.es/hd_510x_/img_pim_food/414738_00_1.jpg
https://www.carrefour.es/supermercado/miel-de-tomillo-la-obrera-950-g/R-VC4AECOMM-408411/p,Miel de tomillo La Obrera 950 g.,"14,09 €",,"14,83 €/kg",,,,,https://static.carrefour.es/hd_510x_/img_pim_food/408411_00_1.jpg
https://www.carrefour.es/supermercado/galletas-relenas-de-limon-bocaditos-cuetara-150-g/R-768101409/p,Galletas relenas de limón Bocaditos Cuétara 150 g.,"1,31 €",,"8,73 €/kg",,La Despensa,Desayuno,Galletas,https://static.carrefour.es/hd_510x_/img_pim_food/776191_00_1.jpg
https://www.carrefour.es/supermercado/vino-titno-ecologico-azpilicueta-do-ca-rioja-75-cl/R-VC4AECOMM-174332/p,Azpilicueta Tinto 2021,"11,15 €",,"11,15 €/ud",,Bebidas,Vinos,Tinto,https://static.carrefour.es/hd_510x_/img_pim_food/174332_00_1.jpg
https://www.carrefour.es/supermercado/vino-blanco-joven-verdejo-cune-do-rueda-75-cl/R-709601833/p,Cune Blanco 2022,"5,95 €",,"5,95 €/ud",,Bebidas,Vinos,Blanco,https://static.carrefour.es/hd_510x_/img_pim_food/424136_00_1.jpg
https://www.carrefour.es/supermercado/lomo-de-salmon-congelado-125-g/R-605324093/p,Lomo de salmón congelado 125 g,"3,80 €",,"30,40 €/kg",,Congelados,Pescados Congelados,,https://static.carrefour.es/hd_510x_/img_pim_food/244132_00_1.jpg
https://www.carrefour.es/supermercado/galletas-integrales-maria-classic-carrefour-800-g/R-812936349/p,Galletas integrales María Classic Carrefour 800 g.,"1,60 €",,"2,00 €/kg",,La Despensa,Desayuno,Galletas,https://static.carrefour.es/hd_510x_/img_pim_food/929652_00_1.jpg
https://www.carrefour.es/supermercado/cerveza-tostada-cruzcampo-gran-reserva-botella-33-cl/R-528412734/p,Cerveza tostada Cruzcampo Gran Reserva botella 33 cl.,"1,37 €",,"4,15 €/l",,Bebidas,Cerveza,Tostada - Roja,https://static.carrefour.es/hd_510x_/img_pim_food/144766_00_1.jpg
https://www.carrefour.es/supermercado/plantequilla-tulipan-sin-sal-250-g/R-602205715/p,Plantequilla Tulipán sin sal 250 g.,"2,15 €",,"8,60 €/kg",,La Despensa,Lácteos,Mantequillas y Margarinas,https://static.carrefour.es/hd_510x_/img_pim_food/362336_00_1.jpg
https://www.carrefour.es/supermercado/ambientador-mango-y-lima-decosphere-air-wick-1-ud/R-521002129/p,Ambientador mango y lima Decosphere Air Wick 1 ud.,"7,69 €",,"7,69 €/ud",,Limpieza y Hogar,Ambientadores,Decorativos,https://static.carrefour.es/hd_510x_/img_pim_food/470783_00_1.jpg
https://www.carrefour.es/supermercado/agua-de-colonia-muy-mio-bustamante-100-ml/R-673701693/p,Agua de colonia Muy Mío Bustamante 100 ml.,"6,95 €",,"6,95 €/100ml",,Perfumería e Higiene,Baño e Higiene Corporal,Colonias,https://static.carrefour.es/hd_510x_/img_pim_food/010956_00_1.jpg
https://www.carrefour.es/supermercado/tcremeglosscasting600/R-521007495/p,T.CREME.GLOSS.CASTING.600,"5,99 €",,"5,99 €/ud",,Perfumería e Higiene,Cabello,Tinte,https://static.carrefour.es/hd_510x_/img_pim_food/684407_00_1.jpg
https://www.carrefour.es/supermercado/mayonesa-musa-sin-gluten-tarro-450-ml/R-538001452/p,Mayonesa Musa sin gluten tarro 450 ml.,"2,29 €",,"5,09 €/l",,La Despensa,Alimentación,Salsas y Tomate Frito,https://static.carrefour.es/hd_510x_/img_pim_food/032603_00_1.jpg
https://www.carrefour.es/supermercado/cubo-con-escurridor-de-plastico-reciclado-carrefour-13-l/R-VC4AECOMM-269713/p,Cubo con Escurridor de Plástico Reciclado CARREFOUR 13 l.,"5,95 €",,"5,95 €/ud",,Limpieza y Hogar,Utensilios de Limpieza,Cubos de Fregar y Barreños,https://static.carrefour.es/hd_510x_/img_pim_food/269713_00_1.jpg
https://www.carrefour.es/supermercado/jamon-de-cebo-campo-iberico-50-raza-iberica-cortado-a-cuchillo-melquiades-100-g/R-VC4AECOMM-612816/p,Jamón de Cebo Campo Ibérico 50% Raza Ibérica cortado a cuchillo Melquiades 100 g,"11,19 €",,"111,90 €/kg",,Productos Frescos,Charcutería,Jamón Serrano e Ibérico Envasado,https://static.carrefour.es/hd_510x_/img_pim_food/612816_00_1.jpg
https://www.carrefour.es/supermercado/braguita-menstrual-flujo-abundante-talla-36-38-protect-dim-1-ud/R-VC4AECOMM-129455/p,Braguita menstrual flujo abundante talla 36-38 Protect Dim 1 ud.,"19,89 €",,"19,89 €/ud",,Perfumería e Higiene,Higiene íntima,Compresas,https://static.carrefour.es/hd_510x_/img_pim_food/129455_00_1.jpg
https://www.carrefour.es/supermercado/pants-agatha-ruiz-de-la-prada-talla-6-16-kg-36-ud-exclusivo-carrefour/R-VC4AECOMM-195864/p,Pants Agatha Ruiz de la Prada Talla 6 (+ 16 kg) 36 ud. Exclusivo Carrefour,"15,59 €",,"0,43 €/ud",,Bebé,Pañales y Toallitas,Pañales Carrefour Baby,https://static.carrefour.es/hd_510x_/img_pim_food/195864_00_1.jpg
https://www.carrefour.es/supermercado/goma-de-pelo-trenzada-ponette-2-ud/R-prod850173/p,Goma de pelo trenzada Ponette 2 ud.,"2,25 €",,"1,12 €/ud",,Perfumería e Higiene,Cabello,"Cepillos, Peines y Accesorios",https://static.carrefour.es/hd_510x_/img_pim_food/374364_00_1.jpg
https://www.carrefour.es/supermercado/snack-para-perro-purina-friskies-picnic-variety-15-ud/R-525603465/p,Snack para perro Purina Friskies Picnic Variety 15 ud,"2,35 €",,"0,16 €/ud",,Mascotas,Perros,"Premios, Snacks y Huesos",https://static.carrefour.es/hd_510x_/img_pim_food/466039_00_1.jpg
https://www.carrefour.es/supermercado/salmorejo-carrefour-1-l/R-672907587/p,Salmorejo Carrefour 1 l.,"2,15 €",,"2,15 €/l",,La Despensa,"Conservas, Sopas y Precocinados",Gazpacho y Salmorejo,https://static.carrefour.es/hd_510x_/img_pim_food/004270_00_1.jpg
https://www.carrefour.es/supermercado/nectar-de-platano-granini-seleccion-botella-1-l/R-521010330/p,Néctar de plátano Granini Selección botella 1 l.,"2,99 €",,"2,99 €/l",,Bebidas,Aguas y Zumos,Zumos no Refrigerados,https://static.carrefour.es/hd_510x_/img_pim_food/029562_00_1.jpg
https://www.carrefour.es/supermercado/chicles-sabor-fresa-y-limon-orbit-refreshers-sin-azucar-90-g/R-VC4AECOMM-383698/p,Chicles sabor fresa y limón Orbit Refreshers sin azúcar 90 g.,"4,45 €",,"66,42 €/kg",,La Despensa,Dulce,Dulces y Golosinas,https://static.carrefour.es/hd_510x_/img_pim_food/383698_00_1.jpg
https://www.carrefour.es/supermercado/solomillo-de-pollo-empanado-carrefour-el-mercado-300-g-aprox/R-VC4AECOMM-367035/p,Solomillo de pollo empanado Carrefour El Mercado 300 g aprox,"2,50 €",,"8,35 €/kg",,Productos Frescos,Carnicería,Empanados,https://static.carrefour.es/hd_510x_/img_pim_food/367035_00_1.jpg
https://www.carrefour.es/supermercado/galleta-integral-con-cererales-carrefour-300-g/R-VC4AECOMM-601153/p,Galleta integral con cererales Carrefour 300 g.,"1,69 €",,"5,63 €/kg",,La Despensa,Desayuno,Galletas,https://static.carrefour.es/hd_510x_/img_pim_food/601153_00_1.jpg
https://www.carrefour.es/supermercado/bifidus-con-trozos-de-fresa-carrefour-pack-de-4-unidades-de-125-g/R-521029574/p,Bífidus con trozos de fresa Carrefour pack de 4 unidades de 125 g.,"1,36 €",,"2,72 €/kg",,La Despensa,Yogures y Postres,Bífidus,https://static.carrefour.es/hd_510x_/img_pim_food/472741_00_1.jpg
https://www.carrefour.es/supermercado/mezcla-de-frutos-secos-y-chocolte-negro-mix-cook-sensation-carrefour-doy-pack-140-g/R-VC4AECOMM-180814/p,Mezcla de frutos secos y chocolte negro Mix & Cook Sensation Carrefour doy pack 140 g.,"2,25 €",,"16,07 €/kg",,La Despensa,Aperitivos,Frutos Secos,https://static.carrefour.es/hd_510x_/img_pim_food/180814_00_1.jpg
https://www.carrefour.es/supermercado/grissini-con-aceite-de-oliva-carrefour-original-125-g/R-521002653/p,Grissini con aceite de oliva Carrefour Original 125 g.,"1,20 €",,"9,60 €/kg",,La Despensa,"Panaderia, Bollería y Pastelería","Colines, picos y crakers",https://static.carrefour.es/hd_510x_/img_pim_food/482818_00_1.jpg
https://www.carrefour.es/supermercado/biberon-de-cristal-anticolicos-0-meses-tetina-inclinada-de-silicona-naturalfeeling-chicco-250-ml/R-prod430091/p,Biberón de cristal anticólicos 0 meses tetina inclinada de silicona NaturalFeeling Chicco 250 ml.,"15,09 €",,"15,09 €/ud",,Parafarmacia,Bebé,Puericultura,https://static.carrefour.es/hd_510x_/img_pim_food/823691_00_1.jpg
https://www.carrefour.es/supermercado/pasta-de-malta-con-queso-para-gato-aduto-vitakraft-100-g/R-553301973/p,Pasta de malta con queso para gato aduto Vitakraft 100 g.,"5,39 €",,"53,90 €/kg",,Mascotas,Gatos,Premios y Snacks,https://static.carrefour.es/hd_510x_/img_pim_food/406943_00_1.jpg
https://www.carrefour.es/supermercado/chocolate-cremoso-con-leche-milka-100-g/R-VC4AECOMM-360476/p,Chocolate cremoso con leche Milka 100 g.,"1,73 €",,"17,30 €/kg",,La Despensa,Dulce,Bombones y Chocolates,https://static.carrefour.es/hd_510x_/img_pim_food/360476_00_1.jpg
https://www.carrefour.es/supermercado/pienso-de-pollo-para-perros-cachorros-mini-ultima-dog-800-g/R-794633486/p,Pienso de pollo para perros cachorros Mini Ultima Dog 800 g.,"4,95 €",,"6,19 €/kg",,Mascotas,Perros,Pienso para perros,https://static.carrefour.es/hd_510x_/img_pim_food/772038_00_1.jpg
https://www.carrefour.es/supermercado/cuajada-danone-sin-gluten-pack-de-2-unidades-de-135-g/R-521029910/p,Cuajada Danone sin gluten pack de 2 unidades de 135 g.,"1,50 €",,"5,56 €/kg",,La Despensa,Yogures y Postres,Otros Postres,https://static.carrefour.es/hd_510x_/img_pim_food/295158_00_1.jpg
https://www.carrefour.es/supermercado/bombon-after-dinner-classic-magnun-sin-gluten-8-ud/R-521031744/p,Bombón After Dinner Classic Magnun sin gluten 8 ud.,"5,39 €",,"0,67 €/ud",,Congelados,Helados,Bombón Helado,https://static.carrefour.es/hd_510x_/img_pim_food/140933_00_1.jpg
https://www.carrefour.es/supermercado/pechuga-de-pavo-sin-gras-el-pozo-bienstar-sin-gluten-sin-lactosa-340-g/R-VC4AECOMM-711069/p,Pechuga de pavo sin gras El Pozo Bienstar sin gluten sin lactosa 340 g.,"4,09 €",,"12,03 €/kg",,Productos Frescos,Charcutería,Fiambre de Pavo y Pollo,https://static.carrefour.es/hd_510x_/img_pim_food/711069_00_1.jpg
https://www.carrefour.es/supermercado/gotas-de-chocolate-negro-carrefour-original-sin-gluten-250-g/R-VC4AECOMM-135596/p,Gotas de chocolate negro Carrefour Original sin gluten 250 g.,"2,25 €",,"9,00 €/kg",,La Despensa,Dulce,Bombones y Chocolates,https://static.carrefour.es/hd_510x_/img_pim_food/135596_00_1.jpg
https://www.carrefour.es/supermercado/mejillones-de-chile-en-salsa-marinera-13-18-simpl-69-g/R-VC4AECOMM-374037/p,Mejillones de Chile en salsa marinera 13/18 Simpl 69 g.,"1,43 €",,"20,72 €/kg",,La Despensa,"Conservas, Sopas y Precocinados",Conservas de Pescado y Marisco,https://static.carrefour.es/hd_510x_/img_pim_food/374037_00_1.jpg
https://www.carrefour.es/supermercado/caracol-bobe-precocido-caracoles-peribanez-500-g/R-VC4AECOMM-475196/p,Caracol bobe precocido Caracoles Peribáñez 500 g,"4,59 €",,"9,18 €/kg",,Productos Frescos,Platos Preparados Cocinados,Platos de Carne y Pescado,https://static.carrefour.es/hd_510x_/img_pim_food/475196_00_1.jpg
https://www.carrefour.es/supermercado/bonito-del-norte-en-escabeche-consorcio-80-g/R-715628322/p,Bonito del norte en escabeche Consorcio 80 g.,"3,75 €",,"46,87 €/kg",,La Despensa,"Conservas, Sopas y Precocinados",Conservas de Pescado y Marisco,https://static.carrefour.es/hd_510x_/img_pim_food/489538_00_1.jpg
https://www.carrefour.es/supermercado/aquarius-sabor-naranja-pack-de-9-latas-de-33-cl/R-663801811/p,Aquarius sabor naranja pack de 9 latas de 33 cl.,"7,69 €",,"2,59 €/l",,Bebidas,Refrescos,Isotónicas,https://static.carrefour.es/hd_510x_/img_pim_food/316705_00_1.jpg
https://www.carrefour.es/supermercado/pescadilla-17-kg-aprox/R-682401663/p,"Pescadilla 1,7 kg aprox","15,21 €",,,,Productos Frescos,Pescadería,Pescado Fresco,https://static.carrefour.es/hd_510x_/img_pim_food/058122_00_1.jpg
https://www.carrefour.es/supermercado/alcachofas-gvtarra-400-g/R-591001495/p,Alcachofas Gvtarra 400 g.,"9,15 €",,"22,87 €/kg",,La Despensa,"Conservas, Sopas y Precocinados",Conservas de Vegetales,https://static.carrefour.es/hd_510x_/img_pim_food/030084_00_1.jpg
https://www.carrefour.es/supermercado/aquarius-melocoton-rojo-lata-33-cl/R-VC4AECOMM-358415/p,Aquarius melocotón rojo lata 33 cl.,"0,97 €","0,80 €","2,94 €/l","2,42 €/l",Bebidas,Refrescos,Isotónicas,https://static.carrefour.es/hd_510x_/img_pim_food/358415_00_1.jpg
https://www.carrefour.es/supermercado/comida-humeda-de-pollo-para-gato-adulto-purina-gourmet-gold-85-g/R-521007768/p,Comida húmeda de pollo para gato adulto Purina Gourmet Gold 85 g,"0,85 €",,"10,00 €/kg",,Mascotas,Gatos,Pienso para gatos,https://static.carrefour.es/hd_510x_/img_pim_food/096557_00_1.jpg
https://www.carrefour.es/supermercado/mermelada-de-fresa-categoria-extra-ligeresa-330-g/R-521003487/p,Mermelada de fresa categoría extra Ligeresa 330 g.,"2,45 €",,"7,42 €/kg",,La Despensa,Dulce,"Mermeladas, Membrillos y Compotas",https://static.carrefour.es/hd_510x_/img_pim_food/424477_00_1.jpg
https://www.carrefour.es/supermercado/pizza-de-salami-ristorante-dr-oetker-sin-gluten-y-sin-lactosa-315-g/R-fprod1220039/p,Pizza de salami Ristorante Dr. Oetker sin gluten y sin lactosa 315 g.,"4,79 €",,"15,21 €/kg",,La Despensa,"Conservas, Sopas y Precocinados",Pizzas,https://static.carrefour.es/hd_510x_/img_pim_food/266363_00_1.jpg
https://www.carrefour.es/supermercado/desengrasante-multiusos-perfumado-el-milagrito-1-l/R-662501681/p,Desengrasante multiusos perfumado El Milagrito 1 l.,"2,55 €",,"2,55 €/l",,Limpieza y Hogar,Productos para Cocina,Quitagrasas,https://static.carrefour.es/hd_510x_/img_pim_food/233552_00_1.jpg
https://www.carrefour.es/supermercado/zumo-de-clementinas-carrefour-extra-exprimido-brik-1-l/R-745602120/p,Zumo de clementinas Carrefour Extra exprimido brik 1 l.,"1,74 €",,"1,74 €/l",,Bebidas,Aguas y Zumos,Zumos no Refrigerados,https://static.carrefour.es/hd_510x_/img_pim_food/732946_00_1.jpg
https://www.carrefour.es/supermercado/cacahuetes-pelados-fritos-ecologicos-carrefour-bio-doy-pack-125-g/R-VC4AECOMM-464792/p,Cacahuetes pelados fritos ecológicos Carrefour Bio doy pack 125 g.,"1,35 €",,"10,80 €/kg",,La Despensa,Aperitivos,Frutos Secos,https://static.carrefour.es/hd_510x_/img_pim_food/464792_00_1.jpg
https://www.carrefour.es/supermercado/masa-para-empanadillas-estilo-argentino-buitoni-350-g/R-VC4AECOMM-462631/p,Masa para empanadillas estilo argentino Buitoni 350 g,"2,45 €",,"7,00 €/kg",,La Despensa,"Conservas, Sopas y Precocinados",Masa Fresca y Bases,https://static.carrefour.es/hd_510x_/img_pim_food/462631_00_1.jpg
https://www.carrefour.es/supermercado/relleno-de-huevo-de-matanza-pena-cruz-400-g/R-prod224708/p,Relleno de huevo de matanza Peña Cruz 400 g,"4,45 €",,"12,36 €/kg",,Productos Frescos,Charcutería,Mortadela y Chopped,https://static.carrefour.es/hd_510x_/img_pim_food/086251_00_1.jpg
https://www.carrefour.es/supermercado/queso-rallado-grana-padano-galbani-60-g/R-782730765/p,Queso rallado Grana Padano Galbani 60 g.,"2,44 €",,"40,67 €/kg",,Productos Frescos,Quesos,Rallados,https://static.carrefour.es/hd_510x_/img_pim_food/869559_00_1.jpg
https://www.carrefour.es/supermercado/colutorio-control-diario-periodontal-y-periimplantorio-perio-aid-1000-ml/R-prod67781/p,Colutorio control diario periodontal y periimplantorio Perio-Aid 1000 ml.,"17,09 €",,"1,71 €/100ml",,Parafarmacia,Higiene Bucal,Colutorio,https://static.carrefour.es/hd_510x_/img_pim_food/254659_00_1.jpg
https://www.carrefour.es/supermercado/burger-picada-de-pavo-carrefour-400-g/R-VC4AECOMM-451188/p,Burger picada de pavo Carrefour 400 g,"4,40 €",,"11,00 €/kg",,Productos Frescos,Carnicería,Otras carnes,https://static.carrefour.es/hd_510x_/img_pim_food/451188_00_1.jpg
https://www.carrefour.es/supermercado/gustosines-cheetos-96-g/R-521003703/p,Gustosines Cheetos 96 g.,"1,64 €",,"20,50 €/kg",,La Despensa,Aperitivos,Snacks,https://static.carrefour.es/hd_510x_/img_pim_food/747940_00_1.jpg
https://www.carrefour.es/supermercado/barritas-de-cereales-de-chocolate-blanco-corny-sin-azucar-anadido-pack-6-unidades-de-20-g/R-820613952/p,Barritas de cereales de chocolate blanco Corny sin azúcar añadido pack 6 unidades de 20 g.,"2,59 €",,"21,58 €/kg",,La Despensa,Desayuno,Galletas,https://static.carrefour.es/hd_510x_/img_pim_food/953119_00_1.jpg
https://www.carrefour.es/supermercado/cacahuete-cascara-tostado-salado-carrefour-bolsa-250-g/R-prod1070760/p,Cacahuete cáscara tostado salado Carrefour bolsa 250 g,"1,99 €",,"7,96 €/kg",,La Despensa,Aperitivos,Frutos Secos,https://static.carrefour.es/hd_510x_/img_pim_food/142427_00_1.jpg
https://www.carrefour.es/supermercado/galletas-de-chocolate-con-leche-estrellas-principe-225-g/R-529039502/p,Galletas de chocolate con leche Estrellas Príncipe 225 g.,"2,45 €",,"10,89 €/kg",,La Despensa,Desayuno,Galletas,https://static.carrefour.es/hd_510x_/img_pim_food/154636_00_1.jpg
https://www.carrefour.es/supermercado/crema-liquida-autobrillante-burdeos-carrefour-50-ml/R-600805231/p,Crema líquida autobrillante burdeos Carrefour 50 ml.,"0,95 €",,"19,00 €/l",,Limpieza y Hogar,Calzado,Limpiador Líquido,https://static.carrefour.es/hd_510x_/img_pim_food/360607_00_1.jpg
https://www.carrefour.es/supermercado/agua-de-colonia-natural-spray-indigo-man-nike-200-ml/R-VC4AECOMM-624054/p,Agua de colonia natural spray Indigo Man Nike 200 ml.,"13,09 €",,"6,54 €/100ml",,Perfumería e Higiene,Baño e Higiene Corporal,Colonias,https://static.carrefour.es/hd_510x_/img_pim_food/624054_00_1.jpg
https://www.carrefour.es/supermercado/maquinillas-desechables-sensitive-3-bic-10-ud/R-prod66532/p,Maquinillas desechables Sensitive 3 Bic 10 ud.,"7,15 €",,"0,51 €/ud",,Perfumería e Higiene,Depilación y Afeitado,Maquinillas y Recambios,https://static.carrefour.es/hd_510x_/img_pim_food/047365_00_1.jpg
https://www.carrefour.es/supermercado/cava-freixenet-semiseco-do-cava-75-cl/R-520662221/p,Freixenet Carta Nevada Semiseco Cava,"6,95 €",,"6,95 €/ud",,,,,https://static.carrefour.es/hd_510x_/img_pim_food/000265_00_1.jpg
https://www.carrefour.es/supermercado/queso-fresco-de-vaca-rulo-en-medallones-carrefour-classic-pack-de-2-unidades-de-100-g/R-VC4AECOMM-118267/p,Queso fresco de vaca rulo en medallones Carrefour Classic' pack de 2 unidades de 100 g.,"1,93 €",,"9,65 €/kg",,Productos Frescos,Quesos,Todos los Quesos,https://static.carrefour.es/hd_510x_/img_pim_food/118267_00_1.jpg
https://www.carrefour.es/supermercado/salvia-en-bolsitas-pompadour-20-ud/R-VC4AECOMM-432187/p,Salvia en bolsitas Pompadour 20 ud.,"3,19 €",,"91,14 €/kg",,La Despensa,Desayuno,Infusiones y Tés,https://static.carrefour.es/hd_510x_/img_pim_food/432187_00_1.jpg
https://www.carrefour.es/supermercado/discos-de-algodon-redondos-removedoras-de-maquillaje-expert-demakup-108-ud/R-VC4AECOMM-534436/p,Discos de algodón redondos removedoras de maquillaje Expert Demak'Up 108 ud.,"3,45 €",,"0,03 €/ud",,Perfumería e Higiene,Cuidado y Protección Corporal,Limpieza Facial,https://static.carrefour.es/hd_510x_/img_pim_food/534436_00_1.jpg
https://www.carrefour.es/supermercado/vitaminas-para-la-memoria-memorex-forte-pharma-energy-56-comprimidos/R-675701711/p,Vitaminas para la memoria Memorex Forté Pharma - Energy 56 comprimidos.,"16,79 €",,"15,99 €/100g",,Parafarmacia,Nutrición y Dietética,Complementos Vitamínicos,https://static.carrefour.es/hd_510x_/img_pim_food/031981_00_1.jpg
https://www.carrefour.es/supermercado/colorante-en-champu-castano-oscuro-just-for-men-30-ml/R-VC4AECOMM-570422/p,Colorante en champú castaño oscuro Just for Men 30 ml.,"11,09 €",,"36,97 €/100ml",,Parafarmacia,Cabello,Tintes,https://static.carrefour.es/hd_510x_/img_pim_food/570422_00_1.jpg
https://www.carrefour.es/supermercado/galleta-circus-carrefour-classic-330-g/R-823818700/p,Galleta Circus Carrefour Classic 330 g.,"1,65 €",,"5,00 €/kg",,La Despensa,Desayuno,Galletas,https://static.carrefour.es/hd_510x_/img_pim_food/956278_00_1.jpg
https://www.carrefour.es/supermercado/queso-iberico-curado-extra-carrefour-cuna-cortada-250-g/R-VC4AECOMM-080578/p,Queso ibérico curado Extra Carrefour cuña cortada 250 g.,"5,29 €",,"21,16 €/kg",,Productos Frescos,Quesos,Curado,https://static.carrefour.es/hd_510x_/img_pim_food/080578_00_1.jpg
https://www.carrefour.es/supermercado/mermelada-de-ciruela-ecologica-carrefour-bio-350-g/R-fprod1270196/p,Mermelada de ciruela ecológica Carrefour Bio 350 g.,"2,69 €",,"7,69 €/kg",,,,,https://static.carrefour.es/hd_510x_/img_pim_food/325851_00_1.jpg
https://www.carrefour.es/supermercado/preparado-panificable-extra-carrefour-no-gluten-sin-gluten-y-sin-lactosa-850-g/R-VC4AECOMM-712185/p,Preparado panificable Extra Carrefour No Gluten sin gluten y sin lactosa 850 g.,"2,29 €",,"2,69 €/kg",,La Despensa,Alimentación,Harinas y Levaduras,https://static.carrefour.es/hd_510x_/img_pim_food/712185_00_1.jpg
https://www.carrefour.es/supermercado/menestra-de-verduras-de-nuestra-tierra-400-g/R-793622723/p,Menestra de verduras De Nuestra Tierra 400 g.,"6,69 €",,"16,72 €/kg",,La Despensa,"Conservas, Sopas y Precocinados",Conservas de Vegetales,https://static.carrefour.es/hd_510x_/img_pim_food/891916_00_1.jpg
https://www.carrefour.es/supermercado/natillas-de-vainilla-dhul-sin-lactosa-pack-de-4-unidades-de-125-g/R-VC4AECOMM-267675/p,Natillas de vainilla Dhul sin lactosa pack de 4 unidades de 125 g.,"2,85 €",,"5,70 €/kg",,La Despensa,Yogures y Postres,"Natillas, Cremas y Copas",https://static.carrefour.es/hd_510x_/img_pim_food/267675_00_1.jpg
https://www.carrefour.es/supermercado/yogur-azucarado-natural-danone-sin-gluten-pack-de-8-unidades-de-120-g/R-521029403/p,Yogur azucarado natural Danone sin gluten pack de 8 unidades de 120 g.,"1,99 €",,"2,07 €/kg",,La Despensa,Yogures y Postres,Yogur Natural y Sabores,https://static.carrefour.es/hd_510x_/img_pim_food/002904_00_1.jpg
https://www.carrefour.es/supermercado/cerveza-roja-alhambra-reserva-pack-de-4-botellas-de-33-cl/R-860001260/p,Cerveza roja Alhambra reserva pack de 4 botellas de 33 cl.,"6,69 €",,"5,07 €/l",,Bebidas,Cerveza,Tostada - Roja,https://static.carrefour.es/hd_510x_/img_pim_food/129763_00_1.jpg
https://www.carrefour.es/supermercado/aros-de-avena-carrefour-classic-400-g/R-VC4AECOMM-316462/p,Aros de avena Carrefour Classic 400 g.,"1,90 €",,"4,75 €/kg",,La Despensa,Desayuno,Cereales,https://static.carrefour.es/hd_510x_/img_pim_food/316462_00_1.jpg
https://www.carrefour.es/supermercado/caramelo-con-palo-y-chicle-sabor-cereza-fiesta-7-ud/R-526510763/p,Caramelo con palo y chicle sabor cereza Fiesta 7 ud.,"2,29 €",,"22,90 €/kg",,La Despensa,Dulce,Dulces y Golosinas,https://static.carrefour.es/hd_510x_/img_pim_food/101310_00_1.jpg
https://www.carrefour.es/supermercado/zumo-de-frambuesa-y-cereza-innocent-botella-33-cl/R-VC4AECOMM-047952/p,Zumo de frambuesa y cereza Innocent botella 33 cl.,"1,99 €",,"6,03 €/l",,Bebidas,Aguas y Zumos,Zumos Refrigerados,https://static.carrefour.es/hd_510x_/img_pim_food/047952_00_1.jpg
https://www.carrefour.es/supermercado/bolsita-de-pera-y-frambuesa-desde-4-meses-ecologico-hero-solo-sin-gluten-y-sin-azucar-anadido-100-g/R-VC4AECOMM-462731/p,Bolsita de pera y frambuesa desde 4 meses ecológico Hero Solo sin gluten y sin azúcar añadido 100 g.,"1,85 €",,"18,50 €/kg",,Bebé,Alimentación infantil,"Postres, Zumos, Petit y Yogures Infantiles",https://static.carrefour.es/hd_510x_/img_pim_food/462731_00_1.jpg
https://www.carrefour.es/supermercado/pasta-fusilli-al-bronzo-barilla-400-g/R-VC4AECOMM-809097/p,Pasta Fusilli al bronzo Barilla 400 g.,"2,09 €",,"5,22 €/kg",,La Despensa,Alimentación,Pastas,https://static.carrefour.es/hd_510x_/img_pim_food/809097_00_1.jpg
https://www.carrefour.es/supermercado/muffins-chocolate-carrefour-no-gluten-sin-gluten-90-g/R-VC4AECOMM-434180/p,Muffins chocolate Carrefour No Gluten sin gluten 90 g.,"1,10 €",,"12,22 €/kg",,La Despensa,"Panaderia, Bollería y Pastelería",Bollería,https://static.carrefour.es/hd_510x_/img_pim_food/434180_00_1.jpg
https://www.carrefour.es/supermercado/verduras-para-sofrito-findus-250-g/R-858605739/p,Verduras para sofrito Findus 250 g.,"2,85 €",,"11,40 €/kg",,Congelados,Salteados Congelados,,https://static.carrefour.es/hd_510x_/img_pim_food/114032_00_1.jpg
https://www.carrefour.es/supermercado/chicles-de-hierbabuena-klets-fini-sin-gluten-100-g/R-prod760090/p,Chicles de hierbabuena Klét's Fini sin gluten 100 g.,"1,95 €",,"19,50 €/kg",,La Despensa,Dulce,Dulces y Golosinas,https://static.carrefour.es/hd_510x_/img_pim_food/859407_00_1.jpg
https://www.carrefour.es/supermercado/galletas-de-chocolate-rellenas-de-crema-vainilla-y-frambuesa-remix-oreo-157-g/R-VC4AECOMM-757248/p,Galletas de chocolate rellenas de crema vainilla y frambuesa Remix Oreo 157 g.,"1,69 €",,"10,76 €/kg",,La Despensa,Desayuno,Galletas,https://static.carrefour.es/hd_510x_/img_pim_food/757248_00_1.jpg
https://www.carrefour.es/supermercado/gel-de-afeitar-sensitive-nivea-men-200-ml/R-742134667/p,Gel de afeitar Sensitive Nivea Men 200 ml.,"5,19 €",,"2,59 €/100ml",,Perfumería e Higiene,Depilación y Afeitado,Afeitado,https://static.carrefour.es/hd_510x_/img_pim_food/669236_00_1.jpg
https://www.carrefour.es/supermercado/barritas-de-galleta-cubiertas-de-chocolate-milka-112-gr/R-VC4AECOMM-842434/p,Barritas de galleta cubiertas de chocolate Milka 112 gr.,"1,84 €",,"16,43 €/kg",,La Despensa,Desayuno,Galletas,https://static.carrefour.es/hd_510x_/img_pim_food/842434_00_1.jpg
https://www.carrefour.es/supermercado/champu-nutricion-ondas-rizos-con-aceite-de-coco-tresemme-685-ml/R-VC4AECOMM-318612/p,Champú nutrición ondas & rizos con aceite de coco Tresemmé 685 ml.,"5,69 €",,"0,83 €/100ml",,Perfumería e Higiene,Cabello,Champús,https://static.carrefour.es/hd_510x_/img_pim_food/318612_00_1.jpg
https://www.carrefour.es/supermercado/cafe-delizioso-en-capsulas-lor-espresso-compatible-con-nespresso-10-ud/R-prod160074/p,Café Delizioso en cápsulas L'Or Espresso compatible con Nespresso 10 ud.,"3,95 €",,"75,96 €/kg",,La Despensa,Desayuno,Cafés,https://static.carrefour.es/hd_510x_/img_pim_food/234890_00_1.jpg
https://www.carrefour.es/supermercado/tapas-de-chorizo-iberico-espana-e-hijos-sin-gluten-25-g-salchichon-iberico-espana-e-hijos-sin-gluten-25-g/R-VC4AECOMM-701867/p,Tapas de chorizo ibérico España e Hijos sin gluten 25 g. + salchichón ibérico España e Hijos sin gluten 25 g.,"1,99 €",,"79,60 €/kg",,Productos Frescos,Charcutería,Tablas y Surtidos,https://static.carrefour.es/hd_510x_/img_pim_food/701867_00_1.jpg
https://www.carrefour.es/supermercado/set-2-estropajos-tricapa-delicado-scotch-brite-delicate-ultra/R-prod68788/p,Set 2 Estropajos Tricapa Delicado SCOTCH BRITE Delicate Ultra,"2,99 €",,"1,49 €/ud",,Limpieza y Hogar,Utensilios de Limpieza,Estropajos,https://static.carrefour.es/hd_510x_/img_pim_food/195263_00_1.jpg
https://www.carrefour.es/supermercado/batido-vainilla-fuerza-y-vitalidad-meritene-sin-gluten-15-sobres/R-VC4AECOMM-144595/p,Batido vainilla fuerza y vitalidad Meritene sin gluten 15 sobres,"25,40 €",,"56,44 €/kg",,Parafarmacia,Nutrición y Dietética,Complementos Vitamínicos,https://static.carrefour.es/hd_510x_/img_pim_food/144595_00_1.jpg
https://www.carrefour.es/supermercado/pomelo-carrefour-1-kg-aprox/R-VC4AECOMM-622671/p,Pomelo Carrefour 1 kg aprox,"2,74 €",,"2,74 €/kg",,Productos Frescos,Frutas,Naranjas y otros cítricos,https://static.carrefour.es/hd_510x_/img_pim_food/622671_00_1.jpg
https://www.carrefour.es/supermercado/ensaladilla-rusa-con-atun-carrefour-sin-gluten-450-g/R-prod224750/p,Ensaladilla rusa con atún Carrefour sin gluten 450 g.,"2,69 €",,"5,98 €/kg",,La Despensa,"Conservas, Sopas y Precocinados",Platos Preparados,https://static.carrefour.es/hd_510x_/img_pim_food/277341_00_1.jpg
https://www.carrefour.es/supermercado/salsa-ranchera-sensation-carreofur-sin-gluten-bote-300-g/R-VC4AECOMM-337683/p,Salsa ranchera Sensation Carreofur sin gluten bote 300 g.,"1,62 €",,"5,40 €/kg",,La Despensa,Alimentación,Salsas y Tomate Frito,https://static.carrefour.es/hd_510x_/img_pim_food/337683_00_1.jpg
https://www.carrefour.es/supermercado/nata-para-cocinar-ligera-president-250-ml/R-521030087/p,Nata para cocinar ligera Président 250 ml.,"2,19 €",,"8,76 €/l",,La Despensa,Lácteos,Nata,https://static.carrefour.es/hd_510x_/img_pim_food/372082_00_1.jpg
https://www.carrefour.es/supermercado/tarta-de-queso-carrefour-extra-2-unidades-de-100-g/R-VC4AECOMM-094838/p,Tarta de queso Carrefour Extra 2 unidades de 100 g.,"3,65 €",,"18,25 €/kg",,La Despensa,Yogures y Postres,Otros Postres,https://static.carrefour.es/hd_510x_/img_pim_food/094838_00_1.jpg
https://www.carrefour.es/supermercado/desodorante-desinfectante-calzado-sanytol-150-ml/R-826752082/p,Desodorante desinfectante calzado Sanytol 150 ml.,"4,19 €",,"27,93 €/l",,Limpieza y Hogar,Calzado,Desodorantes para Calzado,https://static.carrefour.es/hd_510x_/img_pim_food/935506_00_1.jpg
https://www.carrefour.es/supermercado/champinon-ecologico-carrefour-300-g-aprox/R-fprod1220096/p,Champiñon ecológico Carrefour 300 g aprox,"2,92 €",,"9,74 €/kg",,Productos Frescos,Verduras y hortalizas,Setas y Hongos,https://static.carrefour.es/hd_510x_/img_pim_food/271558_00_1.jpg
https://www.carrefour.es/supermercado/coctel-de-mojito-carrefour70-cl/R-735313895/p,Cóctel de mojito Carrefour70 cl.,"5,49 €",,"7,84 €/l",,,,,https://static.carrefour.es/hd_510x_/img_pim_food/695634_00_1.jpg
https://www.carrefour.es/supermercado/vino-dulce-pedro-ximenez-de-nuestra-tierra-do-montilla-moriles-75-cl/R-prod870393/p,De Nuestra Tierra Sin Crianza,"10,79 €",,"10,79 €/ud",,,,,https://static.carrefour.es/hd_510x_/img_pim_food/006604_00_1.jpg
https://www.carrefour.es/supermercado/enjuague-bucal-fresh-0-alcohol-carrefour-soft-500-ml/R-VC4AECOMM-604840/p,Enjuague bucal fresh 0% alcohol Carrefour Soft 500 ml.,"1,35 €",,"0,27 €/100ml",,Perfumería e Higiene,Boca y Sonrisa,Enjuagues Bucales,https://static.carrefour.es/hd_510x_/img_pim_food/604840_00_1.jpg
https://www.carrefour.es/supermercado/gel-de-masaje-erotico-y-lubricante-estimulante-con-aloe-vera-play-massage-2-en-1-durex-200-ml/R-521009817/p,Gel de masaje erótico y lubricante estimulante con aloe vera Play Massage 2 en 1 Durex 200 ml.,"14,69 €",,"7,34 €/100ml",,Perfumería e Higiene,Bienestar Sexual,Lubricantes,https://static.carrefour.es/hd_510x_/img_pim_food/795697_00_1.jpg
https://www.carrefour.es/supermercado/pan-del-molde-schar-sin-gluten-y-sin-lactosa-300-g/R-728110664/p,Pan del molde Schär sin gluten y sin lactosa 300 g.,"2,99 €",,"9,97 €/kg",,La Despensa,"Panaderia, Bollería y Pastelería",Pan de Molde,https://static.carrefour.es/hd_510x_/img_pim_food/662934_00_1.jpg
https://www.carrefour.es/supermercado/vermut-martini-rosso-1-l/R-520663120/p,Martini Vermouth,"9,95 €",,"9,95 €/l",,,,,https://static.carrefour.es/hd_510x_/img_pim_food/000278_00_1.jpg
https://www.carrefour.es/supermercado/pienso-de-buey-para-gatos-esterilizados-adultos-ultima-110-kg/R-prod930214/p,"Pienso de buey para gatos esterilizados adultos Ultima 1,10 kg.","10,90 €",,"9,91 €/kg",,Mascotas,Gatos,Pienso para gatos,https://static.carrefour.es/hd_510x_/img_pim_food/045928_00_1.jpg
https://www.carrefour.es/supermercado/monster-reserve-white-bebida-energetica-pineapple-lata-50-cl/R-VC4AECOMM-065603/p,Monster Reserve White Bebida Energética Pineapple lata 50 cl.,"1,95 €",,"3,90 €/l",,Bebidas,Refrescos,Energéticas,https://static.carrefour.es/hd_510x_/img_pim_food/065603_00_1.jpg
https://www.carrefour.es/supermercado/gazpacho-seleccion-de-temporada-alvalle-900-ml/R-VC4AECOMM-766420/p,Gazpacho selección de temporada Alvalle 900 ml,"3,95 €",,"4,39 €/l",,La Despensa,"Conservas, Sopas y Precocinados",Gazpacho y Salmorejo,https://static.carrefour.es/hd_510x_/img_pim_food/766420_00_1.jpg
https://www.carrefour.es/supermercado/crema-de-cacao-con-avellanas-nocilla-sin-gluten-750-g/R-625820277/p,Crema de cacao con avellanas Nocilla sin gluten 750 g.,"6,39 €",,"8,52 €/kg",,La Despensa,Dulce,"Cremas de Cacao, Avellana y Cacahuete",https://static.carrefour.es/hd_510x_/img_pim_food/802783_00_1.jpg
https://www.carrefour.es/supermercado/tomate-triturado-extra-ecologico-pedro-luis-sin-gluten-660-g/R-590205899/p,Tomate triturado extra ecológico Pedro Luis sin gluten 660 g.,"4,45 €",,"6,74 €/kg",,La Despensa,"Conservas, Sopas y Precocinados",Conservas de Tomate,https://static.carrefour.es/hd_510x_/img_pim_food/185042_00_1.jpg
https://www.carrefour.es/supermercado/queso-rallado-para-gratinar-bredam-1-kg/R-VC4AECOMM-324439/p,Queso rallado para gratinar Bredam 1 kg,"5,70 €",,"5,70 €/kg",,Productos Frescos,Quesos,Todos los Quesos,https://static.carrefour.es/hd_510x_/img_pim_food/324439_00_1.jpg
https://www.carrefour.es/supermercado/desodorante-en-spray-antitranspirante-invisible-black-white-72h-advanced-protection-rexona-pack-de-2-unidades-de-200-ml/R-VC4AECOMM-078754/p,Desodorante en spray antitranspirante Invisible Black & White 72h Advanced Protection Rexona pack de 2 unidades de 200 ml.,"7,05 €",,"1,76 €/100ml",,Perfumería e Higiene,Baño e Higiene Corporal,Desodorantes,https://static.carrefour.es/hd_510x_/img_pim_food/078754_00_1.jpg
https://www.carrefour.es/supermercado/vino-frizzante-blanco-ecologico-sunset-penascal-33-cl/R-VC4AECOMM-362468/p,Vino frizzante blanco ecológico Sunset Peñascal 33 cl.,"2,79 €",,"2,79 €/ud",,Bebidas,Vinos,Blanco,https://static.carrefour.es/hd_510x_/img_pim_food/362468_00_1.jpg
https://www.carrefour.es/supermercado/arreglo-para-cocido-carrefour-12-kg-aprox/R-VC4AECOMM-444527/p,"Arreglo para cocido Carrefour 1,2 kg aprox","2,44 €",,"2,03 €/kg",,Productos Frescos,Verduras y hortalizas,Hortalizas,https://static.carrefour.es/hd_510x_/img_pim_food/444527_00_1.jpg
https://www.carrefour.es/supermercado/cerveza-voll-damm-doble-malta-pack-de-6-botellas-de-25-cl/R-520661162/p,Cerveza Voll Damm doble malta pack de 6 botellas de 25 cl.,"5,95 €",,"3,97 €/l",,Bebidas,Cerveza,Todas las Cervezas,https://static.carrefour.es/hd_510x_/img_pim_food/026482_00_1.jpg
https://www.carrefour.es/supermercado/colgador-de-wc-lavanda-antical-carrefour-expert-3-ud/R-VC4AECOMM-352122/p,Colgador de WC lavanda antical Carrefour Expert 3 ud.,"2,19 €",,"18,25 €/kg",,Limpieza y Hogar,Productos para Baño,WC,https://static.carrefour.es/hd_510x_/img_pim_food/352122_00_1.jpg
https://www.carrefour.es/supermercado/limpiador-anti-rugosidades-cerave-236-ml/R-VC4AECOMM-705771/p,Limpiador anti-rugosidades CeraVe 236 ml.,"12,89 €",,"5,46 €/100ml",,Parafarmacia,Cuidado e higiene facial,Exfoliantes y Mascarillas,https://static.carrefour.es/hd_510x_/img_pim_food/705771_00_1.jpg
https://www.carrefour.es/supermercado/crema-facial-hidratante-protector-fp15-alivio-24h-sensitive-nivea-men-75-ml/R-762102305/p,Crema facial hidratante protector FP15 alivio 24h Sensitive Nivea Men 75 ml.,"9,79 €",,"13,05 €/100ml",,Perfumería e Higiene,Cosmética,Rostro,https://static.carrefour.es/hd_510x_/img_pim_food/770519_00_1.jpg
https://www.carrefour.es/supermercado/papel-de-cocina-xxl-3-capas-carrefour-expert-1-rollo/R-VC4AECOMM-062681/p,Papel de cocina XXL 3 capas Carrefour Expert 1 rollo,"5,35 €",,"5,35 €/ud",,Limpieza y Hogar,Papel y Celulosa,Papel Cocina y Multiusos,https://static.carrefour.es/hd_510x_/img_pim_food/062681_00_1.jpg
https://www.carrefour.es/supermercado/limpiador-limon-en-crema-cif-750-ml/R-VC4AECOMM-000666/p,Limpiador limón en crema Cif 750 ml.,"3,79 €",,"5,05 €/l",,Limpieza y Hogar,Productos para toda la casa,Limpiacristales y Multiusos,https://static.carrefour.es/hd_510x_/img_pim_food/000666_00_1.jpg
https://www.carrefour.es/supermercado/cafe-latte-macchiatto-carrefour-sensation-sin-gluten-250-ml/R-prod780159/p,Café latte macchiatto Carrefour Sensation sin gluten 250 ml.,"0,72 €",,"2,88 €/l",,La Despensa,Lácteos,Listo para beber,https://static.carrefour.es/hd_510x_/img_pim_food/864314_00_1.jpg
https://www.carrefour.es/supermercado/tinte-63-rubio-oscuro-dorado-garnier-olia-1-ud/R-684403572/p,Tinte 6.3 Rubio Oscuro Dorado Garnier Olia 1 ud.,"8,35 €",,"8,35 €/ud",,Perfumería e Higiene,Cabello,Tinte,https://static.carrefour.es/hd_510x_/img_pim_food/073464_00_1.jpg
https://www.carrefour.es/supermercado/pan-de-molde-integral-sin-corteza-8-cereales-bimbo-silueta-450-g/R-521007164/p,Pan de molde integral sin corteza 8 cereales Bimbo Silueta 450 g.,"2,95 €",,"6,56 €/kg",,La Despensa,"Panaderia, Bollería y Pastelería",Pan de Molde,https://static.carrefour.es/hd_510x_/img_pim_food/513002_00_1.jpg
https://www.carrefour.es/supermercado/chocolate-negro-con-almendras-y-naranja-lindt-premium-300-g/R-VC4AECOMM-530985/p,Chocolate negro con almendras y naranja Lindt Premium 300 g.,"8,15 €",,"27,17 €/kg",,La Despensa,Dulce,Bombones y Chocolates,https://static.carrefour.es/hd_510x_/img_pim_food/530985_00_1.jpg
https://www.carrefour.es/supermercado/helado-de-nueces-de-macadamia-haagen-dazs-sin-gluten-460-ml/R-prod1000093/p,Helado de nueces de macadamia Häagen Dazs sin gluten 460 ml.,"7,25 €",,"18,12 €/kg",,Congelados,Helados,Tarrinas,https://static.carrefour.es/hd_510x_/img_pim_food/075666_00_1.jpg
https://www.carrefour.es/supermercado/dentifrico-proteccion-completa-ecologico-carrefour-soft-bio-75-ml/R-VC4AECOMM-215760/p,Dentífrico protección completa ecológico Carrefour Soft Bio 75 ml.,"2,75 €",,"3,67 €/100ml",,Perfumería e Higiene,Boca y Sonrisa,Dentífricos,https://static.carrefour.es/hd_510x_/img_pim_food/215760_00_1.jpg
https://www.carrefour.es/supermercado/aceite-de-oliva-virgen-extra-arbequina-coosur-1-l/R-520660331/p,Aceite de oliva virgen extra arbequina Coosur 1 l.,"12,49 €",,"12,49 €/l",,La Despensa,Alimentación,Aceites y vinagres,https://static.carrefour.es/hd_510x_/img_pim_food/543829_00_1.jpg
https://www.carrefour.es/supermercado/tarrito-de-verduritas-con-pavo-desde-6-meses-ecologico-carrefour-baby-bio-pack-de-2-unidades-de-200-g/R-VC4AECOMM-432838/p,Tarrito de verduritas con pavo desde 6 meses ecológico Carrefour Baby Bio pack de 2 unidades de 200 g,"2,69 €",,"6,72 €/kg",,Bebé,Alimentación infantil,Tarritos y Platos Preparados,https://static.carrefour.es/hd_510x_/img_pim_food/432838_00_1.jpg
https://www.carrefour.es/supermercado/chocolate-negro-72-cacao-carrefour-seleccion-80-g/R-835852745/p,Chocolate negro 72% cacao Carrefour Selección 80 g.,"1,85 €",,"23,12 €/kg",,La Despensa,Dulce,Bombones y Chocolates,https://static.carrefour.es/hd_510x_/img_pim_food/970367_00_1.jpg
https://www.carrefour.es/supermercado/untable-de-pina-bebe-sin-azucar-anadido-230-g/R-VC4AECOMM-351440/p,Untable de piña Bebé sin azúcar añadido 230 g.,"1,75 €",,"7,61 €/ud",,La Despensa,Dulce,"Mermeladas, Membrillos y Compotas",https://static.carrefour.es/hd_510x_/img_pim_food/351440_00_1.jpg
https://www.carrefour.es/supermercado/bebida-de-almendras-original-almond-breeze-sin-gluten-sin-lactosa-brik-1-l/R-819256152/p,Bebida de almendras original Almond Breeze sin gluten sin lactosa brik 1 l.,"2,19 €",,"2,19 €/l",,La Despensa,Lácteos,Bebida Vegetal,https://static.carrefour.es/hd_510x_/img_pim_food/947317_00_1.jpg
https://www.carrefour.es/supermercado/cafe-soluble-espresso-intenso-nescafe-gold-100-g/R-VC4AECOMM-553272/p,Café soluble espresso intenso Nescafé Gold 100 g.,"7,39 €",,"73,90 €/kg",,La Despensa,Desayuno,Cafés,https://static.carrefour.es/hd_510x_/img_pim_food/553272_00_1.jpg
https://www.carrefour.es/supermercado/patatas-simpl-10-kg/R-VC4AECOMM-100143/p,Patatas Simpl 10 kg,"12,14 €",,"1,21 €/kg",,Productos Frescos,Verduras y hortalizas,"Patatas, Cebollas y Ajos",https://static.carrefour.es/hd_510x_/img_pim_food/100143_00_1.jpg
https://www.carrefour.es/supermercado/spray-para-el-cuidado-de-fosas-nasales-agua-de-mar-senti2-pack-de-2-unidades-de-100-ml/R-prod74356/p,Spray para el cuidado de fosas nasales Agua de Mar Senti2 pack de 2 unidades de 100 ml.,"11,85 €",,"5,92 €/100ml",,Parafarmacia,Botiquín,Higiene y tiras Nasales,https://static.carrefour.es/hd_510x_/img_pim_food/061085_00_1.jpg
https://www.carrefour.es/supermercado/desodorante-roll-on-black-white-invisible-original-nivea-50-ml/R-593901537/p,Desodorante roll-on Black & White Invisible Original Nivea 50 ml.,"2,15 €",,"4,30 €/100ml",,Perfumería e Higiene,Baño e Higiene Corporal,Desodorantes,https://static.carrefour.es/hd_510x_/img_pim_food/346909_00_1.jpg
https://www.carrefour.es/supermercado/vino-tinto-marques-grinon-vt-castilla-pack-6-botellas-75-cl/R-fprod1210324/p,Marques Griñon Tinto,"26,00 €",,"26,00 €/ud",,Bebidas,Vinos,Tinto,https://static.carrefour.es/hd_510x_/img_pim_food/260839_00_1.jpg
https://www.carrefour.es/supermercado/arroz-tres-delicias-con-marisco-carrefour-500-g/R-521031575/p,Arroz tres delicias con marisco Carrefour 500 g.,"2,09 €",,"4,18 €/kg",,Congelados,Salteados Congelados,,https://static.carrefour.es/hd_510x_/img_pim_food/230948_00_1.jpg
https://www.carrefour.es/supermercado/pannini-bacon-crispy-dr-oetker-250-g/R-797329603/p,Pannini bacon crispy Dr. Oetker 250 g.,"3,35 €",,"13,40 €/kg",,Congelados,Pizzas Congeladas,,https://static.carrefour.es/hd_510x_/img_pim_food/899419_00_1.jpg
https://www.carrefour.es/supermercado/pila-recarcable-hr-6-de-1300-mah-energizer/R-613003818/p,Pila Recarcable HR-6 de 1300 MAH Energizer,"11,99 €",,"3,00 €/ud",,Limpieza y Hogar,Bazar,Pilas,https://static.carrefour.es/hd_510x_/img_pim_food/274217_00_1.jpg
https://www.carrefour.es/supermercado/limpia-tuberias-fosas-septicas-en-capsulas-elimina-malos-olores-y-previene-atascos-wc-net-20-ud/R-521001272/p,Limpia tuberías fosas sépticas en cápsulas elimina malos olores y previene atascos Wc Net 20 ud.,"14,59 €",,"0,73 €/ud",,Limpieza y Hogar,Productos para Baño,Desatascadores y limpia tuberías,https://static.carrefour.es/hd_510x_/img_pim_food/791289_00_1.jpg
https://www.carrefour.es/supermercado/gamba-arrocera-250-g-aprox/R-529921743/p,Gamba Arrocera 250 g aprox,"3,24 €",,"12,95 €/kg",,Productos Frescos,Pescadería,"Marisco, Almejas y Mejillones",https://static.carrefour.es/hd_510x_/img_pim_food/033522_00_1.jpg
https://www.carrefour.es/supermercado/tila-en-bolsitas-hornimans-100-ud/R-546306216/p,Tila en bolsitas Hornimans 100 ud.,"7,65 €",,"69,55 €/kg",,La Despensa,Desayuno,Infusiones y Tés,https://static.carrefour.es/hd_510x_/img_pim_food/167690_00_1.jpg
https://www.carrefour.es/supermercado/sardinillas-con-salsa-picantona-classic-carrefour-60-g/R-VC4AECOMM-615271/p,Sardinillas con salsa picantona Classic Carrefour 60 g.,"1,27 €",,"21,17 €/kg",,La Despensa,"Conservas, Sopas y Precocinados",Conservas de Pescado y Marisco,https://static.carrefour.es/hd_510x_/img_pim_food/615271_00_1.jpg
https://www.carrefour.es/supermercado/quitamanchas-spray-romar-210-cc/R-740905626/p,Quitamanchas spray Romar 210 cc.,"2,19 €",,"10,43 €/l",,Limpieza y Hogar,Cuidado de la Ropa,Aditivos y quitamanchas,https://static.carrefour.es/hd_510x_/img_pim_food/312393_00_1.jpg
https://www.carrefour.es/supermercado/limpiador-de-bano-y-cocinas-force-moho-chubb-750-ml/R-800037766/p,Limpiador de baño y cocinas force moho Chubb 750 ml.,"4,95 €",,"6,60 €/l",,Limpieza y Hogar,Productos para Baño,Limpiadores Baño,https://static.carrefour.es/hd_510x_/img_pim_food/904827_00_1.jpg
https://www.carrefour.es/supermercado/media-hogaza-de-pan-rebozada-con-copos-de-avena-carrefour-el-mercado-400-g/R-VC4AECOMM-516199/p,Media hogaza de pan rebozada con copos de avena Carrefour el Mercado 400 g,"2,05 €",,"5,12 €/kg",,Productos Frescos,Panadería Tradicional,Pan Tradicional,https://static.carrefour.es/hd_510x_/img_pim_food/516199_00_1.jpg
https://www.carrefour.es/supermercado/salsa-bbq-sabor-miel-cero-prima-sin-gluten-y-sin-azucar-anadido-420-g/R-VC4AECOMM-160974/p,Salsa BBQ sabor miel cero Prima sin gluten y sin azúcar añadido 420 g.,"3,99 €",,"9,50 €/kg",,La Despensa,Alimentación,Salsas y Tomate Frito,https://static.carrefour.es/hd_510x_/img_pim_food/160974_00_1.jpg
https://www.carrefour.es/supermercado/crema-sin-aclarado-10-en-1-adios-danos-con-aceite-de-marula-para-cabello-danado-garnier-fructis-400-ml/R-VC4AECOMM-316092/p,Crema sin aclarado 10-en-1 adiós daños con aceite de marula para cabello dañado Garnier Fructis 400 ml.,"5,99 €",,"1,50 €/100ml",,Perfumería e Higiene,Cabello,Cuidado y Tratamientos del cabello,https://static.carrefour.es/hd_510x_/img_pim_food/316092_00_1.jpg
https://www.carrefour.es/supermercado/bonito-del-norte-en-aceite-de-oliva-consorcio-82-g/R-618801595/p,Bonito del norte en aceite de oliva Consorcio 82 g.,"3,75 €",,"46,87 €/kg",,La Despensa,"Conservas, Sopas y Precocinados",Conservas de Pescado y Marisco,https://static.carrefour.es/hd_510x_/img_pim_food/097201_00_1.jpg
https://www.carrefour.es/supermercado/gazpacho-fresco-carrefour-1-l/R-VC4AECOMM-484097/p,Gazpacho fresco Carrefour 1 l,"3,35 €",,"3,35 €/l",,Productos Frescos,Platos Preparados Cocinados,"Ensaladas, Gazpachos y Sandwiches",https://static.carrefour.es/hd_510x_/img_pim_food/484097_00_1.jpg
https://www.carrefour.es/supermercado/cebollitas-agridulces-extra-carrefour-180-g/R-676101674/p,Cebollitas agridulces Extra Carrefour 180 g.,"1,29 €",,"7,17 €/kg",,La Despensa,Aperitivos,Aceitunas y Encurtidos,https://static.carrefour.es/hd_510x_/img_pim_food/033108_00_1.jpg
https://www.carrefour.es/supermercado/caldo-de-carne-con-aceite-de-oliva-virgen-extra-avecrem-gallina-blanca-sin-gluten-20-pastillas/R-VC4AECOMM-683977/p,Caldo de carne con aceite de oliva virgen extra Avecrem Gallina Blanca sin gluten 20 pastillas,"1,92 €",,"9,60 €/kg",,La Despensa,"Conservas, Sopas y Precocinados","Caldos, Sopas y Pure",https://static.carrefour.es/hd_510x_/img_pim_food/683977_00_1.jpg
https://www.carrefour.es/supermercado/cerveza-tostada-free-damm-00-alcohol-sin-gluten-lata-33-cl/R-VC4AECOMM-549742/p,Cerveza tostada Free Damm 0.0 alcohol sin gluten lata 33 cl.,"0,81 €",,"2,45 €/l
- 3,24 €/4 uds.",,Bebidas,Cerveza,Tostada - Roja,https://static.carrefour.es/hd_510x_/img_pim_food/549742_00_1.jpg
https://www.carrefour.es/supermercado/pepsi-pack-de-4-botellas-de-175-l/R-VC4AECOMM-689677/p,"Pepsi pack de 4 botellas de 1,75 l.","6,59 €",,"0,94 €/l",,Bebidas,Refrescos,Colas,https://static.carrefour.es/hd_510x_/img_pim_food/689677_00_1.jpg
https://www.carrefour.es/supermercado/flan-sabor-vainilla-con-caramelo-carrefour-sin-gluten-pack-de-6-unidades-de-100-g/R-VC4AECOMM-350960/p,Flan sabor vainilla con caramelo Carrefour sin gluten pack de 6 unidades de 100 g.,"0,99 €",,"1,65 €/kg",,La Despensa,Yogures y Postres,Flanes,https://static.carrefour.es/hd_510x_/img_pim_food/350960_00_1.jpg
https://www.carrefour.es/supermercado/salsa-alioli-chovi-bote-400-ml/R-fprod1220283/p,Salsa alioli Chovi bote 400 ml.,"3,49 €",,"8,72 €/l",,La Despensa,Alimentación,Salsas y Tomate Frito,https://static.carrefour.es/hd_510x_/img_pim_food/274900_00_1.jpg
https://www.carrefour.es/supermercado/galletas-abbracci-mulino-bianco-350-g/R-fprod1220052/p,Galletas Abbracci Mulino Bianco 350 g.,"4,19 €",,"11,97 €/kg",,La Despensa,Desayuno,Galletas,https://static.carrefour.es/hd_510x_/img_pim_food/266548_00_1.jpg
https://www.carrefour.es/supermercado/braguitas-desechables-unitalla-indasec-pospart-4-ud/R-prod260491/p,Braguitas desechables unitalla Indasec Pospart 4 ud.,"4,25 €",,"1,06 €/ud",,Bebé,Embarazo y Lactancia,Compresas y protegeslips,https://static.carrefour.es/hd_510x_/img_pim_food/973559_00_1.jpg
https://www.carrefour.es/supermercado/pizza-barbacoa-casa-tarradellas-440-g/R-521030225/p,Pizza barbacoa Casa Tarradellas 440 g.,"3,29 €",,"7,48 €/kg",,La Despensa,"Conservas, Sopas y Precocinados",Pizzas,https://static.carrefour.es/hd_510x_/img_pim_food/221768_00_1.jpg
https://www.carrefour.es/supermercado/untable-de-ciruela-y-kiwi-bebe-sin-azucar-anadido-230-g/R-VC4AECOMM-351434/p,Untable de ciruela y kiwi Bebé sin azúcar añadido 230 g.,"1,75 €",,"7,61 €/ud",,La Despensa,Dulce,"Mermeladas, Membrillos y Compotas",https://static.carrefour.es/hd_510x_/img_pim_food/351434_00_1.jpg
https://www.carrefour.es/supermercado/aquarius-sabor-limon-pack-4-botellas-15-l/R-526591745/p,"Aquarius sabor limón pack 4 botellas 1,5 l.","7,19 €",,"1,20 €/l",,Bebidas,Refrescos,Isotónicas,https://static.carrefour.es/hd_510x_/img_pim_food/146657_00_1.jpg
https://www.carrefour.es/supermercado/galletas-saladas-ducales-noel-312-g/R-590216773/p,Galletas saladas Ducales Noel 312 g.,"2,29 €",,"7,34 €/kg",,La Despensa,Aperitivos,Galletas Saladas,https://static.carrefour.es/hd_510x_/img_pim_food/799872_00_1.jpg
https://www.carrefour.es/supermercado/crema-protectora-de-panal-johnsons-baby-100-ml/R-521002520/p,Crema protectora de pañal Johnson's Baby 100 ml,"4,95 €",,"4,95 €/100ml",,Bebé,Perfumería e Higiene,"Crema Corporal, Talcos y Anti-irritación",https://static.carrefour.es/hd_510x_/img_pim_food/019820_00_1.jpg
https://www.carrefour.es/supermercado/gel-de-ducha-original-tulipan-negro-650-ml/R-729902564/p,Gel de ducha original Tulipán Negro 650 ml.,"1,99 €",,"0,31 €/100ml",,Perfumería e Higiene,Baño e Higiene Corporal,Geles de Baño,https://static.carrefour.es/hd_510x_/img_pim_food/678392_00_1.jpg
https://www.carrefour.es/supermercado/honoro-vera-tinto-joven/R-prod120140/p,Honoro Vera Tinto 2022,"6,65 €",,"6,65 €/ud",,Bebidas,Vinos,Tinto,https://static.carrefour.es/hd_510x_/img_pim_food/227957_00_1.jpg
https://www.carrefour.es/supermercado/clara-de-huevo-liquido-pasteurizado-roig-500-ml/R-prod120404/p,Clara de huevo liquido pasteurizado Roig 500 ml,"2,69 €",,"5,38 €/kg",,La Despensa,Huevos,Claras de Huevo,https://static.carrefour.es/hd_510x_/img_pim_food/227991_00_1.jpg
https://www.carrefour.es/supermercado/salsa-chili-dulce-king-tiger-250-ml/R-fprod1320085/p,Salsa chili dulce King Tiger 250 ml.,"2,45 €",,"9,80 €/l",,La Despensa,Alimentación,Salsas y Tomate Frito,https://static.carrefour.es/hd_510x_/img_pim_food/334185_00_1.jpg
https://www.carrefour.es/supermercado/caracolas-de-fruta-carrefour-4-ud/R-680401681/p,Caracolas de fruta Carrefour 4 ud,"3,69 €",,"0,92 €/ud",,Productos Frescos,Panadería Tradicional,Bollería Tradicional,https://static.carrefour.es/hd_510x_/img_pim_food/061007_00_1.jpg
https://www.carrefour.es/supermercado/chicle-de-fresa-maxiroll-boomer-56-g/R-521004790/p,Chicle de fresa MaxiRoll Boomer 56 g.,"2,79 €",,"49,82 €/kg",,La Despensa,Dulce,Dulces y Golosinas,https://static.carrefour.es/hd_510x_/img_pim_food/605253_00_1.jpg
https://www.carrefour.es/supermercado/boqueron-en-vinagre-265-g/R-VC4AECOMM-555132/p,Boquerón en vinagre 265 g,"5,65 €",,"21,32 €/kg",,Productos Frescos,Pescadería,Preparados y elaborados de Pescado y Marisco,https://static.carrefour.es/hd_510x_/img_pim_food/555132_00_1.jpg
https://www.carrefour.es/supermercado/galletas-campurrianas-cuetara-sin-azucar-anadido-320-g/R-VC4AECOMM-302527/p,Galletas campurrianas Cuétara sin azúcar añadido 320 g.,"3,25 €",,"10,16 €/kg",,La Despensa,Desayuno,Galletas,https://static.carrefour.es/hd_510x_/img_pim_food/302527_00_1.jpg
https://www.carrefour.es/supermercado/canitas-con-jamon-minuets-espuna-sin-gluten-y-sin-lactosa-40-g/R-VC4AECOMM-073236/p,Cañitas con Jamón Minuets Espuña sin gluten y sin lactosa 40 g,"1,89 €",,"47,25 €/kg",,Productos Frescos,Charcutería,Jamón Serrano e Ibérico Envasado,https://static.carrefour.es/hd_510x_/img_pim_food/073236_00_1.jpg
https://www.carrefour.es/supermercado/mayonesa-kraft-sin-gluten-tarro-660-ml/R-prod1140225/p,Mayonesa Kraft sin gluten tarro 660 ml.,"4,39 €",,"6,65 €/l",,La Despensa,Alimentación,Salsas y Tomate Frito,https://static.carrefour.es/hd_510x_/img_pim_food/196936_00_1.jpg
https://www.carrefour.es/supermercado/tonico-facial-detox-para-todo-tipo-de-pieles-ecologico-nectar-of-bio-200-ml/R-VC4AECOMM-462133/p,Tónico facial detox para todo tipo de pieles ecologico Nectar Of Bio 200 ml.,"3,19 €",,"1,59 €/100ml",,Perfumería e Higiene,Cuidado y Protección Corporal,Limpieza Facial,https://static.carrefour.es/hd_510x_/img_pim_food/462133_00_1.jpg
https://www.carrefour.es/supermercado/leche-infantil-de-continuacion-blemil-plus-2-forte-lata-800-g/R-657701745/p,Leche infantil de continuación Blemil Plus 2 Forte lata 800 g.,"22,10 €",,"27,62 €/kg",,Parafarmacia,Bebé,Leche infantil,https://static.carrefour.es/hd_510x_/img_pim_food/309856_00_1.jpg
https://www.carrefour.es/supermercado/espuma-de-afeitar-rapido-aclarado-labs-gillette-240-ml/R-VC4AECOMM-080722/p,Espuma de afeitar rápido aclarado Labs Gillette 240 ml.,"5,79 €",,"2,41 €/100ml",,Perfumería e Higiene,Depilación y Afeitado,Afeitado,https://static.carrefour.es/hd_510x_/img_pim_food/080722_00_1.jpg
https://www.carrefour.es/supermercado/yogures-desnatados-aromatizados-sabor-coco-fresa-frutos-del-bosque-y-limon-zero-danone-pack-de-8-unidades-de-120-g/R-VC4AECOMM-384240/p,"Yogures desnatados aromatizados sabor coco, fresa, frutos del bosque y limón Zero Danone pack de 8 unidades de 120 g.","2,79 €",,"2,91 €/kg",,La Despensa,Yogures y Postres,Yogures Desnatados,https://static.carrefour.es/hd_510x_/img_pim_food/384240_00_1.jpg
https://www.carrefour.es/supermercado/detergente-en-polvo-con-jabon-de-marsella-carrefour-essential-100-lavados/R-VC4AECOMM-664178/p,Detergente en polvo con jabón de Marsella Carrefour Essential 100 lavados.,"12,35 €","8,99 €","0,12 €/lavado","0,09 €/lavado",Limpieza y Hogar,Cuidado de la Ropa,Detergentes,https://static.carrefour.es/hd_510x_/img_pim_food/664178_00_1.jpg
https://www.carrefour.es/supermercado/comida-humeda-de-buey-para-perro-adulto-carrefour-1200-g/R-720860925/p,Comida húmeda de buey para perro adulto Carrefour 1200 g.,"1,85 €",,"1,50 €/kg",,Mascotas,Perros,Pienso para perros,https://static.carrefour.es/hd_510x_/img_pim_food/250551_00_1.jpg
https://www.carrefour.es/supermercado/red-bull-the-sumer-edition-bebida-energetica-sabor-baya-de-junio-lata-25-cl/R-VC4AECOMM-239633/p,Red Bull The Sumer Edition Bebida Energética sabor baya de junio lata 25 cl.,"1,62 €",,"6,48 €/l",,Bebidas,Refrescos,Energéticas,https://static.carrefour.es/hd_510x_/img_pim_food/239633_00_1.jpg
https://www.carrefour.es/supermercado/aceituna-gordal-natural-tarro-500-g/R-prod280523/p,Aceituna gordal natural tarro 500 g,"4,58 €",,"9,16 €/kg",,La Despensa,Aperitivos,Aceitunas y Encurtidos,https://static.carrefour.es/hd_510x_/img_pim_food/340439_00_1.jpg
https://www.carrefour.es/supermercado/leche-corporal-bajo-la-ducha-hidratante-para-pieles-normales-y-secas-soft-carrefour-400-ml/R-831314045/p,Leche corporal bajo la ducha hidratante para pieles normales y secas Soft Carrefour 400 ml.,"3,15 €",,"0,79 €/100ml",,Perfumería e Higiene,Cuidado y Protección Corporal,"Body Milk, Hidratación Bajo la Ducha",https://static.carrefour.es/hd_510x_/img_pim_food/966915_00_1.jpg
https://www.carrefour.es/supermercado/hueva-de-bacalao-salado-160-g/R-prod1020256/p,Hueva de bacalao salado 160 g,"5,95 €",,"37,19 €/kg",,Productos Frescos,Pescadería,Ahumados y Huevas,https://static.carrefour.es/hd_510x_/img_pim_food/095592_00_1.jpg
https://www.carrefour.es/supermercado/mini-bombon-helado-de-coco-con-trocitos-de-almendras-sensation-carrefour-4-ud/R-VC4AECOMM-157206/p,Mini bombón helado de coco con trocitos de almendras Sensation Carrefour 4 ud.,"3,39 €",,"0,85 €/ud",,Congelados,Helados,Bombón Helado,https://static.carrefour.es/hd_510x_/img_pim_food/157206_00_1.jpg
https://www.carrefour.es/supermercado/leche-fermentada-natural-carrefour-no-lactosa-sin-lactosa-pack-de-4-unidades-de-125-g/R-849000342/p,Leche fermentada natural Carrefour No Lactosa sin lactosa pack de 4 unidades de 125 g.,"1,50 €",,"3,00 €/kg",,La Despensa,Yogures y Postres,Yogur Natural y Sabores,https://static.carrefour.es/hd_510x_/img_pim_food/012956_00_1.jpg
https://www.carrefour.es/supermercado/pizza-italiana-queso-y-jamon-carrefour-410-g/R-VC4AECOMM-185001/p,Pizza italiana queso y jamón Carrefour 410 g,"4,95 €",,"12,07 €/kg",,Productos Frescos,Platos Preparados Cocinados,Pastas y Pizzas,https://static.carrefour.es/hd_510x_/img_pim_food/185001_00_1.jpg
https://www.carrefour.es/supermercado/cerveza-mahou-rose-lata-33-cl/R-VC4AECOMM-166285/p,Cerveza Mahou rosé lata 33 cl.,"0,91 €",,"2,76 €/l",,Bebidas,Cerveza,Todas las Cervezas,https://static.carrefour.es/hd_510x_/img_pim_food/166285_00_1.jpg
https://www.carrefour.es/supermercado/preparado-de-soja-con-mango-sojasun-pack-de-4-unidades-de-100-g/R-613004438/p,Preparado de soja con mango Sojasun pack de 4 unidades de 100 g.,"2,55 €",,"6,37 €/kg",,La Despensa,Yogures y Postres,Vegetal,https://static.carrefour.es/hd_510x_/img_pim_food/538978_00_1.jpg
https://www.carrefour.es/supermercado/colgador-wc-gel-brillante-todo-en-1-oceano-artico-bref-2-ud/R-VC4AECOMM-341426/p,Colgador WC gel brillante Todo en 1 Océano Ártico Bref 2 ud.,"3,79 €",,"45,12 €/kg",,Limpieza y Hogar,Productos para Baño,WC,https://static.carrefour.es/hd_510x_/img_pim_food/341426_00_1.jpg
https://www.carrefour.es/supermercado/conos-con-helado-de-nata-y-chocolate-con-trozos-de-almendras-tostadascarrefour-4-ud/R-prod301666/p,Conos con helado de nata y chocolate con trozos de almendras tostadasCarrefour 4 ud.,"1,63 €",,"0,41 €/ud",,,,,https://static.carrefour.es/hd_510x_/img_pim_food/364695_00_1.jpg
https://www.carrefour.es/supermercado/pechuga-de-pavo-en-finas-lonchas-carrefour-el-mercado-sin-gluten-pack-de-2-unidades-de-200-g/R-VC4AECOMM-050759/p,Pechuga de Pavo en finas lonchas Carrefour El Mercado sin gluten pack de 2 unidades de 200 g,"3,25 €",,"8,12 €/kg",,Productos Frescos,Charcutería,Fiambre de Pavo y Pollo,https://static.carrefour.es/hd_510x_/img_pim_food/050759_00_1.jpg
https://www.carrefour.es/supermercado/coca-cola-zero-azucar-pack-6-botellas-2-l/R-prod830100/p,Coca Cola zero azúcar pack 6 botellas 2 l.,"11,85 €",,"0,99 €/l",,Bebidas,Refrescos,Colas,https://static.carrefour.es/hd_510x_/img_pim_food/287561_00_1.jpg
https://www.carrefour.es/supermercado/bebida-de-melocoton-granini-botella-15-l/R-520660900/p,"Bebida de melocotón Granini botella 1,5 l.","3,99 €",,"2,66 €/l",,Bebidas,Aguas y Zumos,Zumos no Refrigerados,https://static.carrefour.es/hd_510x_/img_pim_food/641823_00_1.jpg
https://www.carrefour.es/supermercado/cacahuetes-tostados-con-miel-carrefour-125-g/R-530363438/p,Cacahuetes tostados con miel Carrefour 125 g.,"0,99 €",,"7,92 €/kg",,La Despensa,Aperitivos,Frutos Secos,https://static.carrefour.es/hd_510x_/img_pim_food/168011_00_1.jpg
https://www.carrefour.es/supermercado/pienso-para-perro-adulto-bon-menu-4-kg/R-521007861/p,Pienso para perro adulto Bon Menú 4 Kg.,"8,95 €",,"2,24 €/kg",,Mascotas,Perros,Pienso para perros,https://static.carrefour.es/hd_510x_/img_pim_food/034506_00_1.jpg
https://www.carrefour.es/supermercado/filetes-de-anchoa-en-aceite-de-oliva-de-nuestra-tierra-100-g/R-521029290/p,Filetes de anchoa en aceite de oliva De Nuestra Tierra 100 g.,"6,89 €",,"114,83 €/kg",,La Despensa,"Conservas, Sopas y Precocinados",Conservas de Pescado y Marisco,https://static.carrefour.es/hd_510x_/img_pim_food/340856_00_1.jpg
https://www.carrefour.es/supermercado/velita-de-salchichon-iberico-de-cebo-50-raza-iberica-valturra-ibericos-200-g/R-VC4AECOMM-654018/p,Velita de salchichón ibérico de cebo 50% raza ibérica Valturra Ibéricos 200 g,"2,99 €",,"14,95 €/kg",,Productos Frescos,Charcutería,"Salchichón, Salami y Fuet",https://static.carrefour.es/hd_510x_/img_pim_food/654018_00_1.jpg
https://www.carrefour.es/supermercado/atun-en-aceite-de-girasol-calvo-pack-de-6-latas-de-52-g/R-VC4AECOMM-511481/p,Atún en aceite de girasol Calvo pack de 6 latas de 52 g.,"6,19 €",,"19,84 €/kg",,La Despensa,"Conservas, Sopas y Precocinados",Conservas de Pescado y Marisco,https://static.carrefour.es/hd_510x_/img_pim_food/511481_00_1.jpg
https://www.carrefour.es/supermercado/chocolatinas-surtidas-mars-minis-400-g/R-768805545/p,Chocolatinas surtidas Mars Minis 400 g.,"5,25 €",,"13,12 €/kg",,La Despensa,Dulce,Bombones y Chocolates,https://static.carrefour.es/hd_510x_/img_pim_food/772064_00_1.jpg
https://www.carrefour.es/supermercado/filetes-de-sardina-en-vinagre-con-aceite-de-oliva-100-g/R-VC4AECOMM-555137/p,Filetes de sardina en vinagre con aceite de oliva 100 g,"3,95 €",,"39,50 €/kg",,Productos Frescos,Pescadería,Preparados y elaborados de Pescado y Marisco,https://static.carrefour.es/hd_510x_/img_pim_food/555137_00_1.jpg
https://www.carrefour.es/supermercado/ambientador-electrico-essential-oils-fragancia-flor-recambio-air-wick-3-ud/R-fprod1190676/p,Ambientador eléctrico Essential Oils fragancia Flor recambio Air Wick 3 ud.,"11,35 €",,"3,78 €/ud",,Limpieza y Hogar,Ambientadores,Eléctricos,https://static.carrefour.es/hd_510x_/img_pim_food/248059_00_1.jpg
https://www.carrefour.es/supermercado/agua-de-colonia-brummel-500-ml/R-prod840787/p,Agua de colonia Brummel 500 ml.,"12,25 €",,"2,45 €/100ml",,Perfumería e Higiene,Baño e Higiene Corporal,Colonias,https://static.carrefour.es/hd_510x_/img_pim_food/355969_00_1.jpg
https://www.carrefour.es/supermercado/agua-mineral-solan-de-cabras-natural-15-l/R-520661064/p,"Agua mineral Solán de Cabras natural 1,5 l.","0,87 €",,"0,58 €/l
- 5,22 €/6 uds.",,Bebidas,Aguas y Zumos,"Agua de 0,75 a 2 litros",https://static.carrefour.es/hd_510x_/img_pim_food/492590_00_1.jpg
https://www.carrefour.es/supermercado/galletas-mini-de-espelta-ecologica-carrefour-bio-125-g/R-VC4AECOMM-562193/p,Galletas mini de espelta ecológica Carrefour Bio 125 g.,"1,65 €",,"13,20 €/kg",,La Despensa,Desayuno,Galletas,https://static.carrefour.es/hd_510x_/img_pim_food/562193_00_1.jpg
https://www.carrefour.es/supermercado/cacao-soluble-sin-azucar-anadido-cola-cao-noir-300-g/R-prod1090092/p,Cacao soluble sin azúcar añadido Cola Cao Noir 300 g.,"4,69 €",,"15,63 €/kg",,La Despensa,Desayuno,Cacaos y Cereales Solubles,https://static.carrefour.es/hd_510x_/img_pim_food/144334_00_1.jpg
https://www.carrefour.es/supermercado/sucedaneo-de-caviar-salmon-shikran-sin-gluten-80-g/R-prod71681/p,Sucedáneo de caviar salmón Shikrán sin gluten 80 g.,"5,89 €",,"73,62 €/kg",,Productos Frescos,Pescadería,Ahumados y Huevas,https://static.carrefour.es/hd_510x_/img_pim_food/776828_00_1.jpg
https://www.carrefour.es/supermercado/ropa-interior-absorbente-nina-noche-drynites-8-15-anos-27kg-57-kg-13-ud/R-521036781/p,Ropa interior absorbente niña noche DryNites 8-15 años (27kg-57 kg.) 13 ud.,"12,55 €",,"0,97 €/ud",,Bebé,Pañales y Toallitas,Pañales de Noche,https://static.carrefour.es/hd_510x_/img_pim_food/618747_00_1.jpg
https://www.carrefour.es/supermercado/cocktail-de-frutos-secos-prestige-sensation-carrefour-doy-pack-200-g/R-VC4AECOMM-197073/p,Cocktail de frutos secos Prestige Sensation Carrefour doy pack 200 g.,"3,25 €",,"16,25 €/kg",,La Despensa,Aperitivos,Frutos Secos,https://static.carrefour.es/hd_510x_/img_pim_food/197073_00_1.jpg
https://www.carrefour.es/supermercado/cerveza-lager-tostada-amstel-clasica-lata-33-cl/R-VC4AECOMM-668837/p,Cerveza lager tostada Amstel Clásica lata 33 cl.,"0,51 €",,"1,55 €/l",,Bebidas,Cerveza,Tostada - Roja,https://static.carrefour.es/hd_510x_/img_pim_food/668837_00_1.jpg
https://www.carrefour.es/supermercado/crema-hidratante-para-cara-y-cuerpo-care-nivea-400-ml/R-fprod1430168/p,Crema hidratante para cara y cuerpo Care Nivea 400 ml.,"7,05 €",,"1,76 €/100ml",,Perfumería e Higiene,Cuidado y Protección Corporal,Piel,https://static.carrefour.es/hd_510x_/img_pim_food/372832_00_1.jpg
https://www.carrefour.es/supermercado/setas-variadas-al-natural-ferrer-200-g/R-521005940/p,Setas variadas al natural Ferrer 200 g.,"2,89 €",,"14,45 €/kg",,La Despensa,"Conservas, Sopas y Precocinados",Conservas de Vegetales,https://static.carrefour.es/hd_510x_/img_pim_food/036736_00_1.jpg
https://www.carrefour.es/supermercado/tomate-rosa-tip-top-granel-1-kg-aprox/R-VC4AECOMM-476499/p,Tomate rosa tip top granel 1 kg aprox,"3,56 €",,"3,56 €/kg",,Productos Frescos,Verduras y hortalizas,Tomates y Pepinos,https://static.carrefour.es/hd_510x_/img_pim_food/476499_00_1.jpg
https://www.carrefour.es/supermercado/barreno-cuadrado-carrefour-3-l/R-VC4AECOMM-430490/p,Barreño Cuadrado CARREFOUR 3 l.,"1,64 €",,"1,64 €/ud",,Limpieza y Hogar,Utensilios de Limpieza,Cubos de Fregar y Barreños,https://static.carrefour.es/hd_510x_/img_pim_food/430490_00_1.jpg
https://www.carrefour.es/supermercado/apositos-ampollas-extreme-compeed-5-ud/R-608703024/p,Apositos ampollas extreme Compeed 5 ud.,"8,45 €",,"1,69 €/ud",,Parafarmacia,Botiquín,Apósitos y Gasas,https://static.carrefour.es/hd_510x_/img_pim_food/395934_00_1.jpg
https://www.carrefour.es/supermercado/pants-soft-eco-friendly-ecologico-my-carrefour-baby-t5-12-18-kg-18-ud/R-VC4AECOMM-512780/p,Pants soft & eco-friendly ecológico My Carrefour Baby T5 (12-18 kg) 18 ud.,"8,89 €",,"0,49 €/ud",,Bebé,Pañales y Toallitas,Pañales Carrefour Baby,https://static.carrefour.es/hd_510x_/img_pim_food/512780_00_1.jpg
https://www.carrefour.es/supermercado/bifidus-desnatado-con-trozos-de-kiwi-sin-azucar-anadido-carrefour-pack-de-4-unidades-de-125-g/R-852100300/p,Bífidus desnatado con trozos de kiwi sin azúcar añadido Carrefour pack de 4 unidades de 125 g.,"1,30 €",,"2,60 €/kg",,La Despensa,Yogures y Postres,Bífidus,https://static.carrefour.es/hd_510x_/img_pim_food/020234_00_1.jpg
https://www.carrefour.es/supermercado/desodorante-roll-on-dermo-invisible-48h-antitranspirante-sanex-pack-de-2-unidades-de-50-ml/R-521028415/p,Desodorante roll-on dermo invisible 48h antitranspirante Sanex pack de 2 unidades de 50 ml.,"3,89 €",,"3,89 €/100ml",,Perfumería e Higiene,Baño e Higiene Corporal,Desodorantes,https://static.carrefour.es/hd_510x_/img_pim_food/680079_00_1.jpg
https://www.carrefour.es/supermercado/cerveza-san-miguel-especial-lager-pack-de-24-botellas-de-25-cl/R-521028273/p,Cerveza San Miguel especial Lager pack de 24 botellas de 25 cl.,"10,09 €",,"1,68 €/l",,Bebidas,Cerveza,Todas las Cervezas,https://static.carrefour.es/hd_510x_/img_pim_food/153815_00_1.jpg
https://www.carrefour.es/supermercado/compresas-normal-plus-con-alas-cottonlike-evax-28-ud/R-795705228/p,Compresas normal plus con alas Cottonlike Evax 28 ud.,"5,69 €",,"0,20 €/ud",,Perfumería e Higiene,Higiene íntima,Compresas,https://static.carrefour.es/hd_510x_/img_pim_food/896647_00_1.jpg
https://www.carrefour.es/supermercado/filete-de-lomo-de-cerdo-iberico-carrefour-500-g-aprox/R-VC4AECOMM-517470/p,Filete de lomo de cerdo ibérico Carrefour 500 g aprox,"10,95 €",,"21,90 €/kg",,Productos Frescos,Carnicería,Cerdo,https://static.carrefour.es/hd_510x_/img_pim_food/517470_00_1.jpg
https://www.carrefour.es/supermercado/pina-en-rodajas-sin-azucar-anadido-del-monte-510-g/R-VC4AECOMM-009196/p,Piña en rodajas sin azúcar añadido Del Monte 510 g.,"4,49 €",,"8,80 €/kg",,La Despensa,"Conservas, Sopas y Precocinados",Conservas de Frutas,https://static.carrefour.es/hd_510x_/img_pim_food/009196_00_1.jpg
https://www.carrefour.es/supermercado/maquinillas-desechables-miss-soleil-bic-3-ud/R-prod130363/p,Maquinillas desechables Miss Soleil Bic 3 ud.,"3,95 €",,"0,99 €/ud",,Perfumería e Higiene,Depilación y Afeitado,Maquinillas y Recambios,https://static.carrefour.es/hd_510x_/img_pim_food/230581_00_1.jpg
https://www.carrefour.es/supermercado/tabletas-limpiadoras-para-protesis-dentales-ferula-dental-y-ortodoncia-accion-total-corega-66-ud/R-fprod1430107/p,"Tabletas limpiadoras para prótesis dentales, férula dental y ortodoncia Acción Total Corega 66 ud.","17,25 €",,"0,26 €/ud",,Parafarmacia,Higiene Bucal,Cuidado y Fijación Prótesis Dentales,https://static.carrefour.es/hd_510x_/img_pim_food/372267_00_1.jpg
https://www.carrefour.es/supermercado/tiras-especiadas-vegetal-sensation-carrefour-170-g/R-VC4AECOMM-283601/p,Tiras especiadas vegetal Sensation Carrefour 170 g.,"3,45 €",,"20,29 €/kg",,La Despensa,"Conservas, Sopas y Precocinados",Platos Preparados,https://static.carrefour.es/hd_510x_/img_pim_food/283601_00_1.jpg
https://www.carrefour.es/supermercado/chorizo-iberico-extra-cular-carrefour-el-mercado-sin-gluten-260-g/R-VC4AECOMM-241820/p,Chorizo ibérico extra cular Carrefour el Mercado sin gluten 260 g,"5,25 €",,"20,19 €/kg",,Productos Frescos,Charcutería,"Chorizo, Lomo y Otros",https://static.carrefour.es/hd_510x_/img_pim_food/241820_00_1.jpg
https://www.carrefour.es/supermercado/paleta-de-cebo-de-campo-iberica-50-raza-iberica-en-lonchas-altanera-90-g/R-VC4AECOMM-337563/p,Paleta de Cebo de Campo Ibérica 50% Raza Ibérica en lonchas Altanera 90 g,"8,45 €",,"93,89 €/kg",,Productos Frescos,Charcutería,Jamón Serrano e Ibérico Envasado,https://static.carrefour.es/hd_510x_/img_pim_food/337563_00_1.jpg
https://www.carrefour.es/supermercado/escarola-rizada-carrefour-el-mercado-150-g/R-521032343/p,Escarola Rizada Carrefour El Mercado 150 g,"1,22 €",,"8,13 €/kg",,Productos Frescos,Verduras y hortalizas,Ensaladas y Verduras Preparadas,https://static.carrefour.es/hd_510x_/img_pim_food/522123_00_1.jpg
https://www.carrefour.es/supermercado/vino-frizzante-rosado-joven-capel-75-cl/R-520661398/p,Vino frizzante rosado Joven Capel 75 cl.,"3,05 €",,"3,05 €/ud",,Bebidas,Vinos,De Mesa,https://static.carrefour.es/hd_510x_/img_pim_food/000178_00_1.jpg
https://www.carrefour.es/supermercado/preparado-para-rebozar-crujiente-crunchy-crumbs-esgir-sin-gluten-200-g/R-VC4AECOMM-336529/p,Preparado para rebozar crujiente crunchy crumbs Esgir sin gluten 200 g.,"1,99 €",,"9,95 €/kg",,La Despensa,"Panaderia, Bollería y Pastelería",Pan rallado y rebozados,https://static.carrefour.es/hd_510x_/img_pim_food/336529_00_1.jpg
https://www.carrefour.es/supermercado/harina-de-maiz-randimpak-sin-gluten-1-kg/R-638702041/p,Harina de maíz Randimpak sin gluten 1 kg.,"2,70 €",,"2,70 €/kg",,La Despensa,Alimentación,Harinas y Levaduras,https://static.carrefour.es/hd_510x_/img_pim_food/535019_00_1.jpg
https://www.carrefour.es/supermercado/chupete-anatomico-de-silicona-nino-18m-ultra-air-philips-avent-2-ud/R-VC4AECOMM-303468/p,Chupete anatómico de silicona niño +18m Ultra Air Philips Avent 2 ud.,"7,79 €",,"3,89 €/ud",,Parafarmacia,Bebé,Puericultura,https://static.carrefour.es/hd_510x_/img_pim_food/303468_00_1.jpg
https://www.carrefour.es/supermercado/queso-de-cabra-tierno-mini-carrefour-sin-lactosa-425-g/R-VC4AECOMM-679882/p,Queso de cabra tierno mini Carrefour sin lactosa 425 g,"9,78 €",,"23,01 €/kg",,Productos Frescos,Quesos,Tierno,https://static.carrefour.es/hd_510x_/img_pim_food/679882_00_1.jpg
https://www.carrefour.es/supermercado/bitter-kas-zero-lata-33-cl/R-VC4AECOMM-025295/p,Bitter Kas zero lata 33 cl.,"1,10 €",,"3,33 €/l",,Bebidas,Refrescos,Bitter y Ginger Ale,https://static.carrefour.es/hd_510x_/img_pim_food/025295_00_1.jpg
https://www.carrefour.es/supermercado/toallitas-suavizante-para-secadora-elixir-flor-40-hojas/R-521001687/p,Toallitas suavizante para secadora Elixir Flor 40 hojas,"6,25 €",,"0,16 €/lavado",,Limpieza y Hogar,Cuidado de la Ropa,Suavizantes,https://static.carrefour.es/hd_510x_/img_pim_food/029330_00_1.jpg
https://www.carrefour.es/supermercado/gel-de-ducha-classique-original-moussel-60-ml/R-prod730551/p,Gel de ducha Classique Original Moussel 60 ml.,"1,62 €",,"2,70 €/100ml",,Perfumería e Higiene,Baño e Higiene Corporal,Geles de Baño,https://static.carrefour.es/hd_510x_/img_pim_food/854491_00_1.jpg
https://www.carrefour.es/supermercado/tinto-de-verano-sandevid-con-limon-sin-alcohol-zero-azucar-lata-33-cl/R-VC4AECOMM-458643/p,Tinto de verano Sandevid con limón sin alcohol Zero azúcar lata 33 cl.,"0,85 €",,"2,58 €/l",,,,,https://static.carrefour.es/hd_510x_/img_pim_food/458643_00_1.jpg
https://www.carrefour.es/supermercado/berlinas-de-azucar-carrefour-4-ud/R-696602450/p,Berlinas de azúcar Carrefour 4 ud,"1,35 €",,"0,34 €/ud",,Productos Frescos,Panadería Tradicional,Bollería Tradicional,https://static.carrefour.es/hd_510x_/img_pim_food/095601_00_1.jpg
https://www.carrefour.es/supermercado/lubricante-con-ingredientes-100-naturales-naturals-h2o-durex-100-ml/R-prod200017/p,Lubricante con ingredientes 100% naturales Naturals H2O Durex 100 ml.,"15,19 €",,"15,19 €/100ml",,Perfumería e Higiene,Bienestar Sexual,Lubricantes,https://static.carrefour.es/hd_510x_/img_pim_food/252435_00_1.jpg
https://www.carrefour.es/supermercado/pan-tostado-fibra-con-10-cereales-recondo-270-g/R-521002631/p,Pan tostado fibra con 10 cereales Recondo 270 g.,"2,59 €",,"9,59 €/kg",,La Despensa,"Panaderia, Bollería y Pastelería","Pan tostado, Biscottes y Barritas",https://static.carrefour.es/hd_510x_/img_pim_food/261746_00_1.jpg
https://www.carrefour.es/supermercado/ambientador-difusor-aroma-lavanda-relajante-essential-mist-aparato-y-recambio-air-wick-1-ud/R-fprod1360341/p,Ambientador difusor aroma lavanda relajante Essential Mist aparato y recambio Air Wick 1 ud.,"13,49 €",,"13,49 €/ud",,Limpieza y Hogar,Ambientadores,Automáticos,https://static.carrefour.es/hd_510x_/img_pim_food/341979_00_1.jpg
https://www.carrefour.es/supermercado/medio-flautin-rustico-1-ud/R-VC4AECOMM-220213/p,Medio flautín rústico 1 ud.,"0,29 €",,"0,29 €/ud",,Productos Frescos,Panadería Tradicional,Pan Tradicional,https://static.carrefour.es/hd_510x_/img_pim_food/220213_00_1.jpg
https://www.carrefour.es/supermercado/aceitunas-verdes-gordal-sin-hueso-carrefour-400-g/R-VC4AECOMM-488073/p,Aceitunas verdes gordal sin hueso Carrefour 400 g.,"4,75 €",,"11,87 €/kg",,La Despensa,Aperitivos,Aceitunas y Encurtidos,https://static.carrefour.es/hd_510x_/img_pim_food/488073_00_1.jpg
https://www.carrefour.es/supermercado/arandanos-rojos-carrefour-200-g/R-prod370920/p,Arándanos rojos Carrefour 200 g.,"2,25 €",,"11,25 €/kg",,La Despensa,Aperitivos,Frutas Desecadas,https://static.carrefour.es/hd_510x_/img_pim_food/434642_00_1.jpg
https://www.carrefour.es/supermercado/champu-anticaspa-citrus-fresh-para-cabello-graso-hs-1000-ml/R-671401735/p,Champú anticaspa citrus fresh para cabello graso H&S 1000 ml.,"14,09 €",,"1,41 €/100ml",,Perfumería e Higiene,Cabello,Champús,https://static.carrefour.es/hd_510x_/img_pim_food/336870_00_1.jpg
https://www.carrefour.es/supermercado/pienso-de-pavo-para-gato-interior-bifensis-purina-one-15-kg/R-prod90155/p,"Pienso de pavo para gato interior bifensis Purina One 1,5 kg","9,95 €",,"6,63 €/kg",,Mascotas,Gatos,Pienso para gatos,https://static.carrefour.es/hd_510x_/img_pim_food/964834_00_1.jpg
https://www.carrefour.es/supermercado/magdalenas-valenciana-dulcesol-sin-aceite-de-palma-12-ud/R-521007230/p,Magdalenas valenciana DulceSol sin aceite de palma 12 ud.,"2,29 €",,"6,54 €/kg",,La Despensa,"Panaderia, Bollería y Pastelería",Bollería,https://static.carrefour.es/hd_510x_/img_pim_food/002984_00_1.jpg
https://www.carrefour.es/supermercado/cerveza-estrella-galicia-especial-pack-de-12-botellas-de-25-cl/R-538408265/p,Cerveza Estrella Galicia especial pack de 12 botellas de 25 cl.,"7,19 €",,"2,40 €/l",,Bebidas,Cerveza,Todas las Cervezas,https://static.carrefour.es/hd_510x_/img_pim_food/761045_00_1.jpg
https://www.carrefour.es/supermercado/tonica-nordic-mist-blue-lata-25-cl/R-769403245/p,Tónica Nordic Mist Blue lata 25 cl.,"0,65 €",,"2,60 €/l
- 5,20 €/8 uds.",,Bebidas,Refrescos,Tónica,https://static.carrefour.es/hd_510x_/img_pim_food/778181_00_1.jpg
https://www.carrefour.es/supermercado/salsa-romesco-ferrer-sin-gluten-tarro-130-g/R-590203835/p,Salsa Romesco Ferrer sin gluten tarro 130 g.,"1,69 €",,"13,00 €/kg",,La Despensa,Alimentación,Salsas y Tomate Frito,https://static.carrefour.es/hd_510x_/img_pim_food/112197_00_1.jpg
https://www.carrefour.es/supermercado/espuma-de-afeitar-con-sales-minerales-y-aloe-de-vera-para-piel-sensible-la-toja-300-ml/R-795705220/p,Espuma de afeitar con sales minerales y aloe de vera para piel sensible La Toja 300 ml.,"3,19 €",,"1,06 €/100ml",,Perfumería e Higiene,Depilación y Afeitado,Afeitado,https://static.carrefour.es/hd_510x_/img_pim_food/896618_00_1.jpg
https://www.carrefour.es/supermercado/serum-acondicionador-sin-aclarado-frizz-control-pro-v-miracles-pantene-70-ml/R-VC4AECOMM-312357/p,Sérum acondicionador sin aclarado Frizz Control Pro-V Miracles Pantene 70 ml.,"9,15 €",,"13,07 €/100ml",,Perfumería e Higiene,Cabello,Cuidado y Tratamientos del cabello,https://static.carrefour.es/hd_510x_/img_pim_food/312357_00_1.jpg
https://www.carrefour.es/supermercado/solomillo-de-pavo-750-g-aprox/R-prod920183/p,Solomillo de pavo 750 g aprox,"5,92 €","5,21 €","7,89 €/kg","6,95 €/kg",Productos Frescos,Carnicería,Aves y Pollo,https://static.carrefour.es/hd_510x_/img_pim_food/039639_00_1.jpg
https://www.carrefour.es/supermercado/espinacas-hojas-en-porciones-carrefour-1-kg/R-546501874/p,Espinacas hojas en porciones Carrefour 1 kg.,"1,89 €",,"1,89 €/kg",,Congelados,Verduras Congeladas,,https://static.carrefour.es/hd_510x_/img_pim_food/666796_00_1.jpg
https://www.carrefour.es/supermercado/copa-menstrual-talla-2-proteccion-duradera-carrefour-soft-1-ud/R-VC4AECOMM-613280/p,Copa menstrual talla 2 protección duradera Carrefour Soft 1 ud.,"8,49 €",,"8,49 €/ud",,Perfumería e Higiene,Higiene íntima,Tampones,https://static.carrefour.es/hd_510x_/img_pim_food/613280_00_1.jpg
https://www.carrefour.es/supermercado/muslos-de-pollo-ecologico-carrefour-bio-340-g/R-fprod1310071/p,Muslos de pollo ecológico Carrefour Bio 340 g,"5,78 €",,"16,99 €/kg",,Productos Frescos,Carnicería,Aves y Pollo,https://static.carrefour.es/hd_510x_/img_pim_food/333869_00_1.jpg
https://www.carrefour.es/supermercado/vino-rosado-joven-tempranillo-marques-dospalacios-vendimia-seleccionada-75-cl/R-546003995/p,Vino rosado joven tempranillo Marqués Dospalacios Vendimia Seleccionada 75 cl.,"1,25 €",,"1,67 €/l",,Bebidas,Vinos,De Mesa,https://static.carrefour.es/hd_510x_/img_pim_food/300422_00_1.jpg
https://www.carrefour.es/supermercado/yogur-azucarado-natural-danone-original-pack-de-2-unidades-de-130-g/R-521029821/p,Yogur azucarado natural Danone Original pack de 2 unidades de 130 g.,"2,15 €",,"8,27 €/kg",,La Despensa,Yogures y Postres,Yogur Natural y Sabores,https://static.carrefour.es/hd_510x_/img_pim_food/002918_00_1.jpg
https://www.carrefour.es/supermercado/yogur-con-melocoton-nestle-la-lechera-pack-de-2-unidades-de-125-g/R-521029809/p,Yogur con melocotón Nestlé La Lechera pack de 2 unidades de 125 g.,"1,57 €",,"6,28 €/kg",,La Despensa,Yogures y Postres,Yogur Natural y Sabores,https://static.carrefour.es/hd_510x_/img_pim_food/520947_00_1.jpg
https://www.carrefour.es/supermercado/preservativos-retard-control-12-ud/R-521001015/p,Preservativos Retard Control 12 ud.,"9,79 €",,"0,82 €/ud",,Perfumería e Higiene,Bienestar Sexual,Preservativos,https://static.carrefour.es/hd_510x_/img_pim_food/626258_00_1.jpg
https://www.carrefour.es/supermercado/champagne-charles-de-courance-cuvee-speciale-brut-75-cl/R-546003569/p,Charles De Courance Cuvee Champagne,"26,90 €",,"26,90 €/ud",,,,,https://static.carrefour.es/hd_510x_/img_pim_food/103359_00_1.jpg
https://www.carrefour.es/supermercado/chirimoya-premium-2-uds-900-g/R-prod61913/p,Chirimoya premium 2 uds 900 g,"6,11 €",,"3,05 €/ud",,Productos Frescos,Frutas,Fruta de Hueso,https://static.carrefour.es/hd_510x_/img_pim_food/101982_00_1.jpg
https://www.carrefour.es/supermercado/tinte-creme-n-61-rubio-oscuro-ceniza-loreal-excellence-1-ud/R-520663545/p,Tinte creme nº 6.1 Rubio Oscuro Ceniza L'Oréal Excellence 1 ud.,"8,89 €",,"8,89 €/ud",,Perfumería e Higiene,Cabello,Tinte,https://static.carrefour.es/hd_510x_/img_pim_food/000958_00_1.jpg
https://www.carrefour.es/supermercado/cecina-en-lonchas-de-nuestra-tierra-150-g/R-VC4AECOMM-709816/p,Cecina en lonchas De Nuestra Tierra 150 g,"6,45 €",,"43,00 €/kg",,Productos Frescos,Charcutería,"Chorizo, Lomo y Otros",https://static.carrefour.es/hd_510x_/img_pim_food/709816_00_1.jpg
https://www.carrefour.es/supermercado/atun-claro-alto-en-proteina-natural-frinsa-120-g/R-VC4AECOMM-206258/p,Atún claro alto en proteína natural Frinsa 120 g.,"3,55 €",,"29,58 €/kg",,La Despensa,"Conservas, Sopas y Precocinados",Conservas de Pescado y Marisco,https://static.carrefour.es/hd_510x_/img_pim_food/206258_00_1.jpg
https://www.carrefour.es/supermercado/chocolate-a-la-taza-listo-para-tomar-valor-sin-gluten-1-l/R-633301907/p,Chocolate a la taza listo para tomar Valor sin gluten 1 l.,"3,75 €",,"3,75 €/l",,La Despensa,Desayuno,Cacaos y Cereales Solubles,https://static.carrefour.es/hd_510x_/img_pim_food/809137_00_1.jpg
https://www.carrefour.es/supermercado/cafe-descafeinado-en-capsulas-carrefour-extra-compatible-con-nespresso-pack-de-20-unidades-de-52-g/R-VC4AECOMM-276365/p,"Café descafeinado en cápsulas Carrefour Extra compatible con Nespresso pack de 20 unidades de 5,2 g.","3,39 €",,"32,60 €/kg",,La Despensa,Desayuno,Cafés,https://static.carrefour.es/hd_510x_/img_pim_food/276365_00_1.jpg
https://www.carrefour.es/supermercado/cava-aromes-de-celler-rose-75-cl/R-VC4AECOMM-378308/p,Cava Aromes de Celler rosé 75 cl.,"4,59 €",,"4,59 €/ud",,Bebidas,Cava y champagne,Cavas,https://static.carrefour.es/hd_510x_/img_pim_food/378308_00_1.jpg
https://www.carrefour.es/supermercado/batido-de-cacao-original-cacaolat-sin-gluten-pack-de-4-botellas-de-200-ml/R-VC4AECOMM-004956/p,Batido de cacao Original Cacaolat sin gluten pack de 4 botellas de 200 ml.,"3,95 €",,"4,94 €/l",,La Despensa,Lácteos,Batidos y Horchatas,https://static.carrefour.es/hd_510x_/img_pim_food/004956_00_1.jpg
https://www.carrefour.es/supermercado/bebida-espirituosa-altorreal-1-l/R-VC4AECOMM-610431/p,Bebida Espirituosa Altorreal 1 l.,"5,89 €",,"5,89 €/l",,Bebidas,Alcoholes,Brandy y Coñac,https://static.carrefour.es/hd_510x_/img_pim_food/610431_00_1.jpg
https://www.carrefour.es/supermercado/gel-dentifrico-sensibilidad-dental-sensilacer-125-ml/R-590507954/p,Gel dentífrico sensibilidad dental Sensilacer 125 ml.,"7,85 €",,"6,28 €/100ml",,Parafarmacia,Higiene Bucal,Pasta de dientes,https://static.carrefour.es/hd_510x_/img_pim_food/548428_00_1.jpg
https://www.carrefour.es/supermercado/pienso-de-pollo-para-gato-dream-excellence-15-kg/R-VC4AECOMM-630355/p,"Pienso de pollo para gato Dream Excellence 1,5 kg","5,29 €",,"3,53 €/kg",,Mascotas,Gatos,Pienso para gatos,https://static.carrefour.es/hd_510x_/img_pim_food/630355_00_1.jpg
https://www.carrefour.es/supermercado/gel-de-ducha-y-champu-2en1-spider-man-400-ml/R-VC4AECOMM-677225/p,Gel de ducha y champú 2en1 Spider-Man 400 ml.,"4,75 €",,"1,19 €/100ml",,Perfumería e Higiene,Cabello,Champús,https://static.carrefour.es/hd_510x_/img_pim_food/677225_00_1.jpg
https://www.carrefour.es/supermercado/nectar-tropical-carrefour-classic-brik-1-l/R-780686970/p,Néctar tropical Carrefour Classic brik 1 l.,"1,15 €",,"1,15 €/l",,Bebidas,Aguas y Zumos,Zumos no Refrigerados,https://static.carrefour.es/hd_510x_/img_pim_food/865494_00_1.jpg
https://www.carrefour.es/supermercado/cereales-de-trigo-integral-carrefour-500-g/R-521003351/p,Cereales de trigo integral Carrefour 500 g.,"2,65 €",,"5,30 €/kg",,La Despensa,Desayuno,Cereales,https://static.carrefour.es/hd_510x_/img_pim_food/685695_00_1.jpg
https://www.carrefour.es/supermercado/complejo-multivitaminico-en-capsulas-naturtierra-60-ud/R-VC4AECOMM-674014/p,Complejo multivitamínico en cápsulas NaturTierra 60 ud.,"4,09 €",,"127,81 €/kg",,La Despensa,Alimentación,Vitaminas y Complementos,https://static.carrefour.es/hd_510x_/img_pim_food/674014_00_1.jpg
https://www.carrefour.es/supermercado/cider-ladron-de-manzanas-sabor-manzana-verde-botella-25-cl/R-fprod1190428/p,Cider Ladrón de manzanas sabor manzana verde botella 25 cl.,"1,14 €",,"4,56 €/l",,Bebidas,Sidra,Cider,https://static.carrefour.es/hd_510x_/img_pim_food/242592_00_1.jpg
https://www.carrefour.es/supermercado/agua-de-colonia-fruits-atracttion-nata-y-fresa-saphir-100-ml/R-prod820156/p,Agua de colonia Fruits Atracttion nata y fresa Saphir 100 ml.,"5,49 €",,"5,49 €/100ml",,Perfumería e Higiene,Baño e Higiene Corporal,Colonias,https://static.carrefour.es/hd_510x_/img_pim_food/258490_00_1.jpg
https://www.carrefour.es/supermercado/salsa-de-soja-kikkoman-sin-gluten-150-ml/R-VC4AECOMM-473258/p,Salsa de soja Kikkoman sin gluten 150 ml.,"4,49 €",,"29,93 €/l",,La Despensa,Alimentación,Salsas y Tomate Frito,https://static.carrefour.es/hd_510x_/img_pim_food/473258_00_1.jpg
https://www.carrefour.es/supermercado/mascarilla-para-cabellos-blancos-con-extracto-de-magnolia-silver-shine-science-200-ml/R-VC4AECOMM-097425/p,Mascarilla para cabellos blancos con extracto de magnolia Silver Shine Science 200 ml.,"3,95 €",,"1,97 €/100ml",,Perfumería e Higiene,Cabello,Cuidado y Tratamientos del cabello,https://static.carrefour.es/hd_510x_/img_pim_food/097425_00_1.jpg
https://www.carrefour.es/supermercado/agua-mineral-font-vella-625-l/R-531705055/p,"Agua mineral Font Vella 6,25 l.","2,39 €",,"0,38 €/l",,Bebidas,Aguas y Zumos,Agua de más de 2 litros,https://static.carrefour.es/hd_510x_/img_pim_food/174341_00_1.jpg
https://www.carrefour.es/supermercado/hueva-salada-de-maruca-carrefour-el-mercado-160-g/R-prod1020264/p,Hueva salada de maruca Carrefour El Mercado 160 g,"9,50 €",,"59,37 €/kg",,Productos Frescos,Pescadería,Ahumados y Huevas,https://static.carrefour.es/hd_510x_/img_pim_food/095613_00_1.jpg
https://www.carrefour.es/supermercado/barquillos-rellenos-de-chocolate-con-leche-fontaneda-finas-92-g/R-VC4AECOMM-358613/p,Barquillos rellenos de chocolate con leche Fontaneda Finas 92 g.,"1,73 €",,"18,80 €/kg",,La Despensa,Desayuno,Galletas,https://static.carrefour.es/hd_510x_/img_pim_food/358613_00_1.jpg
https://www.carrefour.es/supermercado/snack-de-zanahoria-y-maiz-desde-10-meses-ecologico-hero-solo-sin-gluten-40-g/R-VC4AECOMM-509655/p,Snack de zanahoria y maíz desde 10 meses ecológico Hero Solo sin gluten 40 g.,"2,69 €",,"67,25 €/kg",,Bebé,Alimentación infantil,Galletas y Snacks,https://static.carrefour.es/hd_510x_/img_pim_food/509655_00_1.jpg
https://www.carrefour.es/supermercado/bifidus-natural-carrefour-classic-pack-de-8-unidades-de-125-g/R-VC4AECOMM-713830/p,Bífidus natural Carrefour Classic' pack de 8 unidades de 125 g.,"1,74 €",,"1,74 €/kg",,La Despensa,Yogures y Postres,Yogur Natural y Sabores,https://static.carrefour.es/hd_510x_/img_pim_food/713830_00_1.jpg
https://www.carrefour.es/supermercado/preprado-para-gelatina-sabor-limon-royal-114-g/R-VC4AECOMM-451332/p,Preprado para gelatina sabor limón Royal 114 g.,"3,19 €",,"27,98 €/kg",,La Despensa,Dulce,Repostería,https://static.carrefour.es/hd_510x_/img_pim_food/451332_00_1.jpg
https://www.carrefour.es/supermercado/cafe-india-en-capsulas-lor-espresso-compatible-con-nespresso-10-ud/R-prod1120632/p,Café India en cápsulas L'Or Espresso compatible con Nespresso 10 ud.,"4,19 €",,"80,58 €/kg",,,,,https://static.carrefour.es/hd_510x_/img_pim_food/173413_00_1.jpg
https://www.carrefour.es/supermercado/chupete-anatomico-de-silicona-nino-0-6m-ultra-air-philips-avent-2-ud/R-VC4AECOMM-303476/p,Chupete anatómico de silicona niño 0-6m Ultra Air Philips Avent 2 ud.,"7,79 €",,"3,89 €/ud",,Parafarmacia,Bebé,Puericultura,https://static.carrefour.es/hd_510x_/img_pim_food/303476_00_1.jpg
https://www.carrefour.es/supermercado/agar-calnort-pack-de-8-unidades-de-16-g/R-VC4AECOMM-512503/p,Agar Calnort pack de 8 unidades de 16 g.,"1,28 €",,"80,00 €/kg",,La Despensa,Dulce,Repostería,https://static.carrefour.es/hd_510x_/img_pim_food/512503_00_1.jpg
https://www.carrefour.es/supermercado/cava-jaume-serra-brut-nature-reserva-75-cl/R-521009220/p,Cava Jaume Serra brut nature reserva 75 cl.,"5,55 €",,"5,55 €/ud",,Bebidas,Cava y champagne,Cavas,https://static.carrefour.es/hd_510x_/img_pim_food/297119_00_1.jpg
https://www.carrefour.es/supermercado/protegeslip-maxi-salvaslip-evax-72-ud/R-526423796/p,Protegeslip maxi Salvaslip Evax 72 ud.,"4,59 €",,"0,06 €/ud",,Perfumería e Higiene,Higiene íntima,Protege Slip,https://static.carrefour.es/hd_510x_/img_pim_food/792452_00_1.jpg
https://www.carrefour.es/supermercado/set-de-10-vasos-de-sidra-reutilizables-55-cl/R-VC4AECOMM-026105/p,Set de 10 Vasos de Sidra Reutilizables 55 cl,"2,05 €",,"0,20 €/ud",,Limpieza y Hogar,Menaje,Menaje Desechable,https://static.carrefour.es/hd_510x_/img_pim_food/026105_00_1.jpg
https://www.carrefour.es/supermercado/yogur-griego-natural-light-carrefour-extra-1-kg/R-VC4AECOMM-673393/p,Yogur griego natural light Carrefour Extra 1 kg.,"2,39 €",,"2,39 €/kg",,La Despensa,Yogures y Postres,Yogures Griegos y Enriquecidos,https://static.carrefour.es/hd_510x_/img_pim_food/673393_00_1.jpg
https://www.carrefour.es/supermercado/carne-de-pavo-para-estofado-carrefour-600-g-aprox/R-prod920165/p,Carne de pavo para estofado Carrefour 600 g aprox,"4,43 €",,"7,39 €/kg",,Productos Frescos,Carnicería,Aves y Pollo,https://static.carrefour.es/hd_510x_/img_pim_food/039569_00_1.jpg
https://www.carrefour.es/supermercado/cereales-all-bran-flakes-kelloggs-375-g/R-VC4AECOMM-645284/p,Cereales All Bran Flakes Kellogg's 375 g.,"3,89 €",,"10,37 €/kg",,La Despensa,Desayuno,Cereales,https://static.carrefour.es/hd_510x_/img_pim_food/645284_00_1.jpg
https://www.carrefour.es/supermercado/maquinilla-hydro-5-sense-wilkinson-1-ud/R-prod730754/p,Maquinilla Hydro 5 Sense Wilkinson 1 ud.,"7,99 €",,"7,99 €/ud",,Perfumería e Higiene,Depilación y Afeitado,Maquinillas y Recambios,https://static.carrefour.es/hd_510x_/img_pim_food/855141_00_1.jpg
https://www.carrefour.es/supermercado/sidra-kopparberg-premium-sabor-frutos-del-bosque-lata-50-cl/R-762342242/p,Sidra Kopparberg Premium sabor frutos del bosque lata 50 cl.,"2,45 €",,"4,90 €/l",,Bebidas,Sidra,Cider,https://static.carrefour.es/hd_510x_/img_pim_food/770968_00_1.jpg
https://www.carrefour.es/supermercado/barrita-de-proteina-con-chocolate-negro-sabor-limon-carrefour-sensation-45-g/R-VC4AECOMM-436693/p,Barrita de proteína con chocolate negro sabor limón Carrefour Sensation 45 g.,"1,52 €",,"38,00 €/kg",,La Despensa,Alimentación,Nutrición deportiva,https://static.carrefour.es/hd_510x_/img_pim_food/436693_00_1.jpg
https://www.carrefour.es/supermercado/jamon-curado-en-taquitos-carrefour-el-mercado-sin-gluten-y-sin-latosa-pack-2-unidades-de-100-g/R-VC4AECOMM-283410/p,Jamón curado en taquitos Carrefour El Mercado sin gluten y sin latosa pack 2 unidades de 100 g,"2,99 €",,"14,95 €/kg",,Productos Frescos,Charcutería,Jamón Serrano e Ibérico Envasado,https://static.carrefour.es/hd_510x_/img_pim_food/283410_00_1.jpg
https://www.carrefour.es/supermercado/tijera-21-cm-para-oficina-carrefour/R-854700532/p,Tijera 21 cm para Oficina Carrefour,"2,99 €",,"2,99 €/ud",,Limpieza y Hogar,Papelería,Pequeño Accesorio,https://static.carrefour.es/hd_510x_/img_pim_food/336043_00_1.jpg
https://www.carrefour.es/supermercado/desodorante-en-spray-protege-cuida-nivea-men-250-ml/R-fprod1190529/p,Desodorante en spray Protege & Cuida Nivea Men 250 ml.,"4,49 €",,"1,80 €/100ml",,Perfumería e Higiene,Baño e Higiene Corporal,Desodorantes,https://static.carrefour.es/hd_510x_/img_pim_food/243517_00_1.jpg
https://www.carrefour.es/supermercado/vodka-importacion-smirnoff-1l/R-538002112/p,VODKA IMPORTACION SMIRNOFF 1L,"16,09 €",,"16,09 €/l",,Bebidas,Alcoholes,Vodka,https://static.carrefour.es/hd_510x_/img_pim_food/270325_00_1.jpg
https://www.carrefour.es/supermercado/ambientador-difusor-aroma-explosion-citrica-energizante-essential-mist-aparato-y-recambio-air-wick-1-ud/R-prod395255/p,Ambientador difusor aroma explosión cítrica energizante Essential Mist aparato y recambio Air Wick 1 ud.,"13,49 €",,"13,49 €/ud",,Limpieza y Hogar,Ambientadores,Automáticos,https://static.carrefour.es/hd_510x_/img_pim_food/491405_00_1.jpg
https://www.carrefour.es/supermercado/margarina-original-flora-sin-gluten-sin-lactosa-y-sin-aceite-de-palma-400-g/R-VC4AECOMM-057274/p,"Margarina original Flora sin gluten, sin lactosa y sin aceite de palma 400 g.","2,95 €",,"7,37 €/kg",,La Despensa,Lácteos,Mantequillas y Margarinas,https://static.carrefour.es/hd_510x_/img_pim_food/057274_00_1.jpg
https://www.carrefour.es/supermercado/cecina-palcarsa-sin-gluten-y-sin-lactosa-taco-de-500-g-aprox/R-VC4AECOMM-623198/p,Cecina Palcarsa sin gluten y sin lactosa taco de 500 g aprox,"16,85 €",,"33,70 €/kg",,Productos Frescos,Charcutería,"Chorizo, Lomo y Otros",https://static.carrefour.es/hd_510x_/img_pim_food/623198_00_1.jpg
https://www.carrefour.es/supermercado/queso-de-untar-con-finas-hierbas-philadelphia-150-g/R-704404253/p,Queso de untar con finas hierbas Philadelphia 150 g.,"2,64 €",,"17,60 €/kg",,Productos Frescos,Quesos,Crema de queso,https://static.carrefour.es/hd_510x_/img_pim_food/409379_00_1.jpg
https://www.carrefour.es/supermercado/fruta-para-untar-de-melocoton-pura-fruta-helios-sin-gluten-250-g/R-prod760413/p,Fruta para untar de melocotón Pura Fruta Helios sin gluten 250 g.,"3,39 €",,"13,56 €/kg",,La Despensa,"Conservas, Sopas y Precocinados",Conservas de Frutas,https://static.carrefour.es/hd_510x_/img_pim_food/861512_00_1.jpg
https://www.carrefour.es/supermercado/ambientador-spray-muguete-essential-carrefour-300-ml/R-VC4AECOMM-655005/p,Ambientador spray muguete Essential Carrefour 300 ml.,"1,15 €",,"3,83 €/l",,Limpieza y Hogar,Ambientadores,Aerosol o pistola,https://static.carrefour.es/hd_510x_/img_pim_food/655005_00_1.jpg
https://www.carrefour.es/supermercado/apositos-ampollas-medianas-compeed-10-ud/R-fprod1280566/p,Apósitos ampollas medianas Compeed 10 ud.,"13,65 €",,"1,36 €/ud",,Parafarmacia,Cuidado de manos y pies,Apósitos y Plantillas,https://static.carrefour.es/hd_510x_/img_pim_food/330983_00_1.jpg
https://www.carrefour.es/supermercado/agua-oxigenada-250-ml/R-VC4AECOMM-156256/p,Agua oxigenada 250 ml.,"0,63 €",,"0,25 €/100ml",,Parafarmacia,Botiquín,Antisépticos y Talcos,https://static.carrefour.es/hd_510x_/img_pim_food/156256_00_1.jpg
https://www.carrefour.es/supermercado/vino-crianza-muga-doca-rioja-tinto-75-cl/R-521008409/p,Muga Crianza 2020,"18,89 €",,"18,89 €/ud",,Bebidas,Vinos,Tinto,https://static.carrefour.es/hd_510x_/img_pim_food/152176_00_1.jpg
https://www.carrefour.es/supermercado/melatonina-sanon-sin-gluten-60-ud/R-627109020/p,Melatonina Sanon sin gluten 60 ud.,"9,25 €",,"28,91 €/100g",,Parafarmacia,Nutrición y Dietética,Tratamientos Naturales,https://static.carrefour.es/hd_510x_/img_pim_food/804071_00_1.jpg
https://www.carrefour.es/supermercado/cafe-molido-mezcla-express-descafeinado-carrefour-250-g/R-521002978/p,Café molido mezcla express descafeinado Carrefour 250 g.,"2,99 €",,"11,96 €/kg",,,,,https://static.carrefour.es/hd_510x_/img_pim_food/693859_00_1.jpg
https://www.carrefour.es/supermercado/roscos-de-pan-almontenos-ecologicos-martin-naranjo-130-g/R-607220542/p,Roscos de pan Almonteños ecológicos Martín Naranjo 130 g,"1,89 €",,"14,54 €/kg",,La Despensa,"Panaderia, Bollería y Pastelería","Colines, picos y crakers",https://static.carrefour.es/hd_510x_/img_pim_food/790038_00_1.jpg
https://www.carrefour.es/supermercado/melon-piel-de-sapo-carrefour-3-kg-aprox/R-prod231537/p,Melón piel de sapo Carrefour 3 kg aprox,"5,97 €",,"1,99 €/kg",,Productos Frescos,Frutas,Sandías y Melones,https://static.carrefour.es/hd_510x_/img_pim_food/284862_00_1.jpg
https://www.carrefour.es/supermercado/pasta-espaguetis-integrales-barilla-500-g/R-720619037/p,Pasta espaguetis integrales Barilla 500 g.,"2,19 €",,"4,38 €/kg",,La Despensa,Alimentación,Pastas,https://static.carrefour.es/hd_510x_/img_pim_food/642983_00_1.jpg
https://www.carrefour.es/supermercado/panales-carrefour-baby-ultra-dry-talla-6-16-kg-70-ud/R-VC4AECOMM-472114/p,Pañales Carrefour Baby Ultra Dry Talla 6 (+16 kg) 70 ud.,"17,25 €",,"0,25 €/ud",,Bebé,Pañales y Toallitas,Pañales Carrefour Baby,https://static.carrefour.es/hd_510x_/img_pim_food/472114_00_1.jpg
https://www.carrefour.es/supermercado/complemento-vitaminico-con-coenzima-q10-supradyn-activo-bayer-30-ud/R-626301684/p,Complemento vitamínico con coenzima Q10 Supradyn Activo Bayer 30 ud.,"11,89 €",,"29,58 €/100g",,Parafarmacia,Nutrición y Dietética,Complementos Vitamínicos,https://static.carrefour.es/hd_510x_/img_pim_food/592566_00_1.jpg
https://www.carrefour.es/supermercado/cereales-integrales-con-chocolate-chocapic-nestle-375-g/R-768263580/p,Cereales integrales con chocolate Chocapic Nestlé 375 g.,"3,25 €",,"8,67 €/kg",,La Despensa,Desayuno,Cereales,https://static.carrefour.es/hd_510x_/img_pim_food/003210_00_1.jpg
https://www.carrefour.es/supermercado/petit-de-fresa-y-de-fresa-platano-carrefour-classic-sin-gluten-pack-de-12-unidades-de-60-g/R-VC4AECOMM-430884/p,Petit de fresa y de fresa-plátano Carrefour Classic' sin gluten pack de 12 unidades de 60 g.,"1,38 €",,"1,92 €/kg",,La Despensa,Yogures y Postres,Yogures Infantiles,https://static.carrefour.es/hd_510x_/img_pim_food/430884_00_1.jpg
https://www.carrefour.es/supermercado/vino-frizzante-blanco-verdejo-dolce-bianco-vt-castilla-y-leon-75-cl/R-618405168/p,Vino frizzante blanco verdejo Dolce Bianco V.T. Castilla y León 75 cl.,"5,75 €",,"5,75 €/ud",,Bebidas,Vinos,Blanco,https://static.carrefour.es/hd_510x_/img_pim_food/388922_00_1.jpg
https://www.carrefour.es/supermercado/fregona-tiras-estampadas-carrefour-home/R-609801582/p,Fregona Tiras Estampadas CARREFOUR HOME,"2,69 €",,"2,69 €/ud",,Limpieza y Hogar,Utensilios de Limpieza,Fregonas,https://static.carrefour.es/hd_510x_/img_pim_food/644625_00_1.jpg
https://www.carrefour.es/supermercado/set-4-estropajos-de-fibra-con-esponja-spontex-universale-antibacterias/R-prod1120008/p,Set 4 Estropajos de Fibra con Esponja SPONTEX Universale Antibacterias,"3,09 €",,"1,03 €/ud",,Limpieza y Hogar,Utensilios de Limpieza,Estropajos,https://static.carrefour.es/hd_510x_/img_pim_food/152491_00_1.jpg
https://www.carrefour.es/supermercado/combinado-de-verduras-ecologico-carrefour-bio-249-g/R-596801585/p,Combinado de verduras ecológico Carrefour Bio 249 g.,"2,99 €",,"12,01 €/kg",,La Despensa,"Conservas, Sopas y Precocinados",Conservas de Vegetales,https://static.carrefour.es/hd_510x_/img_pim_food/357429_00_1.jpg
https://www.carrefour.es/supermercado/costilla-de-palo-cerdo-duroc-circulo-de-calidad-carrefour-650-g-aprox/R-VC4AECOMM-001439/p,Costilla de palo cerdo Duroc Círculo de Calidad Carrefour 650 g aprox,"7,64 €",,"11,75 €/kg",,Productos Frescos,Carnicería,Cerdo,https://static.carrefour.es/hd_510x_/img_pim_food/001439_00_1.jpg
https://www.carrefour.es/supermercado/calamar-limpio-400-g/R-521031267/p,Calamar limpio 400 g.,"6,59 €",,"16,47 €/kg",,Congelados,"Pulpo, Calamar y Sepia Congelados",,https://static.carrefour.es/hd_510x_/img_pim_food/721056_00_1.jpg
https://www.carrefour.es/supermercado/gel-de-ducha-coco-sensorial-care-natural-honey-600-ml/R-679901829/p,Gel de ducha coco Sensorial Care Natural Honey 600 ml.,"2,49 €",,"0,42 €/100ml",,Perfumería e Higiene,Baño e Higiene Corporal,Geles de Baño,https://static.carrefour.es/hd_510x_/img_pim_food/059976_00_1.jpg
https://www.carrefour.es/supermercado/pechuga-de-pavo-cocida-con-contenido-reducido-en-sal-campofrio-cuida-t-sin-gluten-y-sin-lactosa-65-g/R-VC4AECOMM-698959/p,Pechuga de pavo cocida con contenido reducido en sal Campofrío Cuida-t + sin gluten y sin lactosa 65 g.,"0,99 €",,"15,23 €/kg",,Productos Frescos,Charcutería,Fiambre de Pavo y Pollo,https://static.carrefour.es/hd_510x_/img_pim_food/698959_00_1.jpg
https://www.carrefour.es/supermercado/hamburguesa-de-vacuno-sin-gluten-y-sin-lactosa-carrefour-el-mercado-6x90-g/R-VC4AECOMM-479495/p,Hamburguesa de vacuno sin gluten y sin lactosa Carrefour El Mercado 6x90 g,"4,15 €",,"7,69 €/kg",,Productos Frescos,Carnicería,Hamburguesas,https://static.carrefour.es/hd_510x_/img_pim_food/479495_00_1.jpg
https://www.carrefour.es/supermercado/huevos-frescos-carrefour-el-mercado-24-ud/R-VC4AECOMM-307898/p,Huevos Frescos Carrefour El Mercado 24 ud.,"3,87 €",,"1,93 €/docena",,La Despensa,Huevos,Huevos frescos,https://static.carrefour.es/hd_510x_/img_pim_food/307898_00_1.jpg
https://www.carrefour.es/supermercado/recogedor-plegable-carrefour-gris/R-834406413/p,Recogedor Plegable Carrefour - Gris,"4,69 €",,"4,69 €/ud",,Limpieza y Hogar,Utensilios de Limpieza,"Escobas, Mopas y Recogedores",https://static.carrefour.es/hd_510x_/img_pim_food/520518_00_1.jpg
https://www.carrefour.es/supermercado/yogur-stracciatella-nestle-sveltesse-pack-de-4-unidades-de-125-g/R-522714324/p,Yogur stracciatella Nestlé - Sveltesse pack de 4 unidades de 125 g.,"2,55 €",,"5,10 €/kg",,La Despensa,Yogures y Postres,Yogur Natural y Sabores,https://static.carrefour.es/hd_510x_/img_pim_food/581634_00_1.jpg
https://www.carrefour.es/supermercado/queso-mozzarella-fundido-en-lonchas-bredam-300-g/R-VC4AECOMM-369400/p,Queso mozzarella fundido en lonchas Bredam 300 g.,"3,46 €",,"11,53 €/kg",,Productos Frescos,Quesos,Todos los Quesos,https://static.carrefour.es/hd_510x_/img_pim_food/369400_00_1.jpg
https://www.carrefour.es/supermercado/vino-blanco-ecologico-ermita-despiells-do-penedes-75-cl/R-521011917/p,Vino blanco ecológico Ermita D'Espiells D.O. Penedés 75 cl.,"9,25 €",,"9,25 €/ud",,Bebidas,Vinos,Blanco,https://static.carrefour.es/hd_510x_/img_pim_food/033318_00_1.jpg
https://www.carrefour.es/supermercado/preparado-para-hacer-tarta-con-oreo-en-polvo-royal-215-g/R-521004444/p,Preparado para hacer tarta con oreo en polvo Royal 215 g.,"4,49 €",,"20,88 €/kg",,La Despensa,Dulce,Repostería,https://static.carrefour.es/hd_510x_/img_pim_food/238160_00_1.jpg
https://www.carrefour.es/supermercado/cono-extreme-caramel-choco-toffee-nestle-6-ud/R-VC4AECOMM-338323/p,Cono Extreme Caramel Choco Toffee Nestlé 6 ud.,"5,45 €",,"0,91 €/ud",,Congelados,Helados,Conos,https://static.carrefour.es/hd_510x_/img_pim_food/338323_00_1.jpg
https://www.carrefour.es/supermercado/macarrones-volonesa-veganos-nueva-cocina-mediterranea-1-kg-aprox/R-VC4AECOMM-082846/p,Macarrones Volonesa Veganos Nueva Cocina Mediterránea 1 kg aprox,"12,00 €",,"12,00 €/kg",,Productos Frescos,Platos Preparados Cocinados,Pastas y Pizzas,https://static.carrefour.es/hd_510x_/img_pim_food/082846_00_1.jpg
https://www.carrefour.es/supermercado/cepillo-dental-ultra-suave-vitis-1-ud/R-590508772/p,Cepillo dental ultra-suave Vitis 1 ud.,"5,05 €",,"5,05 €/ud",,Parafarmacia,Higiene Bucal,Cepillos y Seda,https://static.carrefour.es/hd_510x_/img_pim_food/554515_00_1.jpg
https://www.carrefour.es/supermercado/langostino-extra-crudo-pescanova-800-g/R-521035971/p,Langostino extra crudo Pescanova 800 g.,"12,45 €",,"15,56 €/kg",,Congelados,Mariscos Congelados,,https://static.carrefour.es/hd_510x_/img_pim_food/755639_00_1.jpg
https://www.carrefour.es/supermercado/recogedor-con-palo-carrefour-verde/R-833911032/p,Recogedor con Palo Carrefour - Verde,"2,59 €",,"2,59 €/ud",,Limpieza y Hogar,Utensilios de Limpieza,"Escobas, Mopas y Recogedores",https://static.carrefour.es/hd_510x_/img_pim_food/335385_00_1.jpg
https://www.carrefour.es/supermercado/panales-carrefour-baby-0-talla-3-4-9-kg-31-ud/R-prod1040124/p,Pañales Carrefour Baby 0% Talla 3 (4-9 kg) 31 ud.,"9,09 €",,"0,30 €/ud",,Bebé,Pañales y Toallitas,Pañales Carrefour Baby,https://static.carrefour.es/hd_510x_/img_pim_food/114387_00_1.jpg
https://www.carrefour.es/supermercado/licor-de-cafe-tia-maria-70-cl/R-520663094/p,Licor de café Tia Maria 70 cl.,"18,65 €",,"26,64 €/l",,Bebidas,Licores y Cremas,Cremas,https://static.carrefour.es/hd_510x_/img_pim_food/000354_00_1.jpg
https://www.carrefour.es/supermercado/desodorante-aerosol-antitranspirante-tropical-rexona-advanced-200-ml/R-VC4AECOMM-366849/p,Desodorante aerosol antitranspirante tropical Rexona Advanced 200 ml,"3,99 €",,"1,99 €/100ml",,Perfumería e Higiene,Baño e Higiene Corporal,Desodorantes,https://static.carrefour.es/hd_510x_/img_pim_food/366849_00_1.jpg
https://www.carrefour.es/supermercado/ensalada-baby-leaf-carrefour-70-g/R-521032368/p,Ensalada Baby Leaf Carrefour 70 g,"1,00 €",,"14,29 €/kg",,Productos Frescos,Verduras y hortalizas,Ensaladas y Verduras Preparadas,https://static.carrefour.es/hd_510x_/img_pim_food/644781_00_1.jpg
https://www.carrefour.es/supermercado/vitakraft-barritas-para-periquitos-de-albaricoque-higo/R-prod420211/p,Vitakraft Barritas para Periquitos de Albaricoque & Higo,"1,66 €",,"27,67 €/kg",,Mascotas,Pájaros,Pienso para pájaros,https://static.carrefour.es/hd_510x_/img_pim_food/509222_00_1.jpg
https://www.carrefour.es/supermercado/yogur-liquido-sabor-fresa-danone-danonino-pack-de-4-bolsitas-de-70-g/R-653701722/p,Yogur líquido sabor fresa Danone Danonino pack de 4 bolsitas de 70 g.,"2,65 €",,"9,46 €/kg",,La Despensa,Yogures y Postres,Yogures Infantiles,https://static.carrefour.es/hd_510x_/img_pim_food/189727_00_1.jpg
https://www.carrefour.es/supermercado/crema-facial-calma-la-piel-atopica-malva-blanca-ecologico-baby-derma-weleda-50-ml/R-VC4AECOMM-713407/p,Crema facial calma la piel atópica malva blanca ecológico baby derma Weleda 50 ml.,"9,45 €",,"18,90 €/100ml",,Parafarmacia,Bebé,Anti Irritación,https://static.carrefour.es/hd_510x_/img_pim_food/713407_00_1.jpg
https://www.carrefour.es/supermercado/quitamanchas-asevi-750-ml/R-prod221457/p,Quitamanchas Asevi 750 ml.,"3,45 €",,"4,60 €/l",,Limpieza y Hogar,Cuidado de la Ropa,Aditivos y quitamanchas,https://static.carrefour.es/hd_510x_/img_pim_food/900713_00_1.jpg
https://www.carrefour.es/supermercado/colutorio-dientes-sensibles-anticaries-uso-diario-accion-progresiva-desensin-500-ml/R-687104295/p,Colutorio dientes sensibles anticaries uso diario acción progresiva Desensin 500 ml.,"10,39 €",,"2,08 €/100ml",,Parafarmacia,Higiene Bucal,Colutorio,https://static.carrefour.es/hd_510x_/img_pim_food/617550_00_1.jpg
https://www.carrefour.es/supermercado/espuma-de-afeitar-refrescante-con-eucalipto-para-piel-sensible-series-gillette-200-ml/R-VC4AECOMM-725175/p,Espuma de afeitar refrescante con eucalipto para piel sensible Series Gillette 200 ml.,"3,89 €",,"1,94 €/100ml",,Perfumería e Higiene,Depilación y Afeitado,Afeitado,https://static.carrefour.es/hd_510x_/img_pim_food/725175_00_1.jpg
https://www.carrefour.es/supermercado/salsa-original-ligeresa-sin-lactosa-frasco-210-ml/R-526539189/p,Salsa original Ligeresa sin lactosa frasco 210 ml.,"1,55 €","1,29 €","7,38 €/l","6,14 €/l",La Despensa,Alimentación,Salsas y Tomate Frito,https://static.carrefour.es/hd_510x_/img_pim_food/735594_00_1.jpg
https://www.carrefour.es/supermercado/preparado-de-soja-sabor-fresa-alpro-sin-gluten-y-sin-lactosa-400-g/R-VC4AECOMM-328418/p,Preparado de soja sabor fresa Alpro sin gluten y sin lactosa 400 g.,"2,49 €",,"6,23 €/kg",,La Despensa,Yogures y Postres,Vegetal,https://static.carrefour.es/hd_510x_/img_pim_food/328418_00_1.jpg
https://www.carrefour.es/supermercado/toreras-no-picantes-kimbo-sin-gluten-120-g/R-521004031/p,Toreras no picantes Kimbo sin gluten 120 g.,"2,69 €",,"22,42 €/kg",,La Despensa,Aperitivos,Aceitunas y Encurtidos,https://static.carrefour.es/hd_510x_/img_pim_food/029512_00_1.jpg
https://www.carrefour.es/supermercado/tomate-frito-con-aceite-de-oliva-virgen-extra-carrefour-tarro-550-g/R-prod730720/p,Tomate frito con aceite de oliva virgen extra Carrefour tarro 550 g.,"2,25 €",,"4,09 €/kg",,La Despensa,Alimentación,Salsas y Tomate Frito,https://static.carrefour.es/hd_510x_/img_pim_food/854877_00_1.jpg
https://www.carrefour.es/supermercado/refresco-carrefour-sabor-fresa-con-gas-botella-15-l/R-812922914/p,"Refresco Carrefour sabor fresa con gas botella 1,5 l.","1,38 €",,"0,92 €/l",,Bebidas,Refrescos,Sabores sin Gas,https://static.carrefour.es/hd_510x_/img_pim_food/942192_00_1.jpg
https://www.carrefour.es/supermercado/jamon-curado-reserva-4-estaciones-navidul-pieza-de-8-kg-aprox/R-521031975/p,Jamón Curado Reserva 4 estaciones Navidul pieza de 8 kg aprox,"83,00 €","69,00 €","11,07 €/kg","9,20 €/kg",Productos Frescos,Charcutería,Jamón serrano e ibérico Pieza,https://static.carrefour.es/hd_510x_/img_pim_food/514655_00_1.jpg
https://www.carrefour.es/supermercado/detergente-liquido-optimal-clen-expert-39-lavados/R-VC4AECOMM-302318/p,Detergente liquido optimal clen Expert 39 lavados.,"4,79 €",,"0,12 €/lavado",,Limpieza y Hogar,Cuidado de la Ropa,Detergentes,https://static.carrefour.es/hd_510x_/img_pim_food/302318_00_1.jpg
https://www.carrefour.es/supermercado/tinte-de-cabello-permanente-tono-83-rubio-claro-dorado-llongueras-color-advance-1-ud/R-520663535/p,Tinte de cabello permanente tono 8.3 rubio claro dorado Llongueras Color Advance 1 ud.,"7,59 €",,"7,59 €/ud",,Perfumería e Higiene,Cabello,Tinte,https://static.carrefour.es/hd_510x_/img_pim_food/028651_00_1.jpg
https://www.carrefour.es/supermercado/agua-de-colonia-paula-echevarria-100-ml/R-814100195/p,Agua de colonia Paula Echevarría 100 ml.,"12,19 €",,"12,19 €/100ml",,Perfumería e Higiene,Baño e Higiene Corporal,Colonias,https://static.carrefour.es/hd_510x_/img_pim_food/940264_00_1.jpg
https://www.carrefour.es/supermercado/vino-blanco-joven-chardonnay-faustino-rivero-ulecia-vt-castilla-75-cl/R-870701853/p,Vino blanco joven chardonnay Faustino Rivero Ulecia V.T. Castilla 75 cl.,"4,19 €",,"4,19 €/ud",,Bebidas,Vinos,Blanco,https://static.carrefour.es/hd_510x_/img_pim_food/179366_00_1.jpg
https://www.carrefour.es/supermercado/yogur-sabor-fresa-y-platano-carrefour-classic-pack-de-8-unidades-de-125-g/R-VC4AECOMM-373057/p,Yogur sabor fresa y plátano Carrefour Classic' pack de 8 unidades de 125 g.,"1,57 €",,"1,57 €/kg",,La Despensa,Yogures y Postres,Yogur Natural y Sabores,https://static.carrefour.es/hd_510x_/img_pim_food/373057_00_1.jpg
https://www.carrefour.es/supermercado/agua-de-colonia-concentrada-gotas-frescas-instituto-espanol-250-ml/R-788373053/p,Agua de colonia concentrada Gotas Frescas Instituto Español 250 ml.,"5,69 €",,"2,28 €/100ml",,Perfumería e Higiene,Baño e Higiene Corporal,Colonias,https://static.carrefour.es/hd_510x_/img_pim_food/781436_00_1.jpg
https://www.carrefour.es/supermercado/tiras-estilo-americano-de-proteina-de-guisante-y-trigo-green-cuisine-findus-210-g/R-VC4AECOMM-568915/p,Tiras estilo americano de proteína de guisante y trigo Green Cuisine Findus 210 g.,"4,59 €",,"21,86 €/kg",,Congelados,Rebozados y Platos Preparados,,https://static.carrefour.es/hd_510x_/img_pim_food/568915_00_1.jpg
https://www.carrefour.es/supermercado/patatas-fritas-clasicas-carrefour-classic-25-kg/R-538002716/p,"Patatas fritas clásicas Carrefour Classic' 2,5 kg.","3,90 €",,"1,56 €/kg",,Congelados,Ofertas en Congelados,,https://static.carrefour.es/hd_510x_/img_pim_food/191326_00_1.jpg
https://www.carrefour.es/supermercado/aperitivo-de-maiz-y-cebolla-con-balsamico-de-modena-risi-mios-sin-gluten-150-g/R-prod90632/p,Aperitivo de maíz y cebolla con balsámico de Módena Risi Mios! sin gluten 150 g.,"1,79 €",,"11,93 €/kg",,La Despensa,Aperitivos,Snacks,https://static.carrefour.es/hd_510x_/img_pim_food/223107_00_1.jpg
https://www.carrefour.es/supermercado/cepillo-interdental-micro-interprox-6-ud/R-590508756/p,Cepillo interdental micro Interprox 6 ud.,"6,45 €",,"6,45 €/ud",,Parafarmacia,Higiene Bucal,Cepillos y Seda,https://static.carrefour.es/hd_510x_/img_pim_food/554487_00_1.jpg
https://www.carrefour.es/supermercado/galletas-cookies-con-pepitas-de-chocolate-y-almendras-carrefour-extra-184-g/R-VC4AECOMM-293162/p,Galletas cookies con pepitas de chocolate y almendras Carrefour Extra 184 g.,"2,55 €",,"13,86 €/kg",,La Despensa,Desayuno,Galletas,https://static.carrefour.es/hd_510x_/img_pim_food/293162_00_1.jpg
https://www.carrefour.es/supermercado/agua-de-colonia-azahar-aire-de-sevilla-150-ml/R-520663658/p,Agua de colonia Azahar Aire de Sevilla 150 ml.,"12,09 €",,"8,06 €/100ml",,Perfumería e Higiene,Baño e Higiene Corporal,Colonias,https://static.carrefour.es/hd_510x_/img_pim_food/536558_00_1.jpg
https://www.carrefour.es/supermercado/pimientos-del-piquillo-enteros-extra-carrefour-150-g/R-521006019/p,Pimientos del Piquillo enteros extra Carrefour 150 g.,"1,71 €",,"11,40 €/kg",,La Despensa,"Conservas, Sopas y Precocinados",Conservas de Vegetales,https://static.carrefour.es/hd_510x_/img_pim_food/470813_00_1.jpg
https://www.carrefour.es/supermercado/mojicones-aceite-de-oliva-luna-600-g/R-prod72350/p,Mojicones aceite de oliva Luna 600 g.,"2,75 €",,"4,58 €/kg",,La Despensa,"Panaderia, Bollería y Pastelería",Bollería,https://static.carrefour.es/hd_510x_/img_pim_food/073689_00_1.jpg
https://www.carrefour.es/supermercado/cafe-molido-brasil-seleccion-arabica-illy-lata-250-g/R-VC4AECOMM-350244/p,Café molido Brasil Selección Arábica Illy Lata 250 g.,"8,69 €",,"34,76 €/kg",,La Despensa,Desayuno,Cafés,https://static.carrefour.es/hd_510x_/img_pim_food/350244_00_1.jpg
https://www.carrefour.es/supermercado/tarta-tatin-ultacongelada-carrefour-600-g/R-521031847/p,Tarta tatin ultacongelada Carrefour 600 g.,"6,79 €",,"11,32 €/kg",,Congelados,Helados,Tartas Heladas,https://static.carrefour.es/hd_510x_/img_pim_food/797425_00_1.jpg
https://www.carrefour.es/supermercado/caldo-de-hortalizas-carrefour-sin-gluten-1-l/R-521005791/p,Caldo de hortalizas Carrefour sin gluten 1 l.,"1,10 €",,"1,10 €/l",,La Despensa,"Conservas, Sopas y Precocinados","Caldos, Sopas y Pure",https://static.carrefour.es/hd_510x_/img_pim_food/691850_00_1.jpg
https://www.carrefour.es/supermercado/chocolate-puro-con-avellanas-enteras-valor-sin-gluten-250-g/R-521004254/p,Chocolate puro con avellanas enteras Valor sin gluten 250 g.,"4,89 €",,"19,56 €/kg",,La Despensa,Dulce,Bombones y Chocolates,https://static.carrefour.es/hd_510x_/img_pim_food/111960_00_1.jpg
https://www.carrefour.es/supermercado/morcillo-de-anojo-calidad-y-origen-carrefour-500-g-aprox/R-prod840018/p,Morcillo de añojo Calidad y Origen Carrefour 500 g aprox,"7,67 €",,,,Productos Frescos,Carnicería,Vacuno,https://static.carrefour.es/hd_510x_/img_pim_food/842655_00_1.jpg
https://www.carrefour.es/supermercado/churros-maheso-400-g/R-VC4AECOMM-374973/p,Churros Maheso 400 g.,"4,09 €",,"10,22 €/kg",,Congelados,Rebozados y Platos Preparados,,https://static.carrefour.es/hd_510x_/img_pim_food/374973_00_1.jpg
https://www.carrefour.es/supermercado/bebida-de-pina-y-coco-carrefour-sin-azucar-anadido-brik-1-l/R-prod730766/p,Bebida de piña y coco Carrefour sin azúcar añadido brik 1 l.,"1,25 €",,"1,25 €/l",,Bebidas,Aguas y Zumos,Zumos no Refrigerados,https://static.carrefour.es/hd_510x_/img_pim_food/855127_00_1.jpg
https://www.carrefour.es/supermercado/fanta-de-limon-pack-9-latas-33-cl/R-678501899/p,Fanta de limón pack 9 latas 33 cl.,"6,55 €",,"2,21 €/l",,Bebidas,Refrescos,Sabores con Gas,https://static.carrefour.es/hd_510x_/img_pim_food/049303_00_1.jpg
https://www.carrefour.es/supermercado/yogur-de-mango-ecologico-pastoret-135-g/R-prod180400/p,Yogur de mango ecológico Pastoret 135 g.,"2,09 €",,"15,48 €/kg",,La Despensa,Yogures y Postres,Yogur Natural y Sabores,https://static.carrefour.es/hd_510x_/img_pim_food/237754_00_1.jpg
https://www.carrefour.es/supermercado/roll-on-arnica-para-golpes-topeto-15-ml/R-fprod1270066/p,Roll-on árnica para golpes Topeto 15 ml.,"5,05 €",,"33,67 €/100ml",,Parafarmacia,Botiquín,Alivio del Dolor,https://static.carrefour.es/hd_510x_/img_pim_food/325018_00_1.jpg
https://www.carrefour.es/supermercado/bebida-multifrutas-sin-azucares-anadidos-granini-1-l/R-VC4AECOMM-050313/p,Bebida multifrutas sin azúcares añadidos Granini 1 l.,"3,09 €",,"3,09 €/l",,Bebidas,Aguas y Zumos,Zumos no Refrigerados,https://static.carrefour.es/hd_510x_/img_pim_food/050313_00_1.jpg
https://www.carrefour.es/supermercado/tomate-frito-solis-sin-gluten-pack-de-6-brik-de-350-g/R-752501117/p,Tomate frito Solís sin gluten pack de 6 brik de 350 g.,"5,15 €",,"2,45 €/kg",,La Despensa,Alimentación,Salsas y Tomate Frito,https://static.carrefour.es/hd_510x_/img_pim_food/753468_00_1.jpg
https://www.carrefour.es/supermercado/snack-vegetal-en-porciones-mini-babybel-100-g/R-VC4AECOMM-173006/p,Snack vegetal en porciones Mini Babybel 100 g.,"3,95 €",,"39,50 €/kg",,Productos Frescos,Quesos,Todos los Quesos,https://static.carrefour.es/hd_510x_/img_pim_food/173006_00_1.jpg
https://www.carrefour.es/supermercado/vino-tinto-con-crianza-tempranillo-pradorey-do-ribera-del-duero-75-cl/R-fprod1280439/p,Pradorey Coleccion Barricas Tinto 2022,"9,90 €",,"9,90 €/ud",,,,,https://static.carrefour.es/hd_510x_/img_pim_food/329513_00_1.jpg
https://www.carrefour.es/supermercado/toallitas-desodorantes-carrefour-12-ud/R-fprod1220496/p,Toallitas desodorantes Carrefour 12 ud.,"0,92 €",,"0,08 €/ud",,Perfumería e Higiene,Baño e Higiene Corporal,Desodorantes,https://static.carrefour.es/hd_510x_/img_pim_food/282052_00_1.jpg
https://www.carrefour.es/supermercado/galletas-de-chocolate-pan-di-stelle-mulino-blanco-350-g/R-835033510/p,Galletas de chocolate Pan di Stelle Mulino Blanco 350 g.,"4,65 €",,"13,29 €/kg",,La Despensa,Desayuno,Galletas,https://static.carrefour.es/hd_510x_/img_pim_food/971412_00_1.jpg
https://www.carrefour.es/supermercado/queso-feta-ecologico-carrefour-bio-180-g/R-prod1120186/p,Queso feta ecológico Carrefour Bio 180 g.,"5,25 €",,"29,17 €/kg",,Productos Frescos,Quesos,Todos los Quesos,https://static.carrefour.es/hd_510x_/img_pim_food/162791_00_1.jpg
https://www.carrefour.es/supermercado/whisky-jb-escoces-15-l/R-819114678/p,"Whisky J&B escocés 1,5 l.","26,10 €",,"17,40 €/l",,Bebidas,Alcoholes,Whisky y Bourbon,https://static.carrefour.es/hd_510x_/img_pim_food/948679_00_1.jpg
https://www.carrefour.es/supermercado/callos-con-jamon-classic-carrefour-sin-gluten-630-g/R-VC4AECOMM-479439/p,Callos con jamón Classic Carrefour sin gluten 630 g.,"4,35 €",,"6,90 €/kg",,La Despensa,"Conservas, Sopas y Precocinados",Platos Tradicionales,https://static.carrefour.es/hd_510x_/img_pim_food/479439_00_1.jpg
https://www.carrefour.es/supermercado/vino-tinto-senorio-extremeno-5-l/R-fprod1220084/p,Vino tinto Señorío Extremeño 5 l.,"5,69 €",,"1,14 €/l",,Bebidas,Vinos,Tinto,https://static.carrefour.es/hd_510x_/img_pim_food/271200_00_1.jpg
https://www.carrefour.es/supermercado/valeriana-forte-en-comprimidos-kneipp-sin-gluten-sin-lactosa-30-ud/R-800038851/p,Valeriana forte en comprimidos Kneipp sin gluten sin lactosa 30 ud.,"12,19 €",,"67,72 €/100g",,Parafarmacia,Nutrición y Dietética,Tratamientos Naturales,https://static.carrefour.es/hd_510x_/img_pim_food/904933_00_1.jpg
https://www.carrefour.es/supermercado/flashes-de-friguron-dracula-frigopie-y-popeye-limon-y-naranja-frigo-10-ud/R-VC4AECOMM-813122/p,"Flashes de Frigurón, Drácula, Frigopie y Popeye Limón y Naranja Frigo 10 ud","2,95 €",,"5,90 €/l",,,,,https://static.carrefour.es/hd_510x_/img_pim_food/813122_00_1.jpg
https://www.carrefour.es/supermercado/lacon-cocido-al-horno-en-lonchas-carrefour-el-mercado-sin-gluten-y-sin-lactosa-200-g/R-VC4AECOMM-180586/p,Lacón Cocido al horno en lonchas Carrefour El Mercado sin gluten y sin lactosa 200 g,"2,35 €",,"11,75 €/kg",,Productos Frescos,Charcutería,Jamón Cocido y Lacón,https://static.carrefour.es/hd_510x_/img_pim_food/180586_00_1.jpg
https://www.carrefour.es/supermercado/cepillo-dental-cabezal-pequeno-medio-vitis-1-ud/R-764905849/p,Cepillo dental cabezal pequeño medio Vitis 1 ud.,"8,25 €",,"4,12 €/ud",,Parafarmacia,Higiene Bucal,Cepillos y Seda,https://static.carrefour.es/hd_510x_/img_pim_food/773437_00_1.jpg
https://www.carrefour.es/supermercado/te-verde-con-matcha-en-bolsitas-pompadour-20-ud/R-856600414/p,Té verde con matcha en bolsitas Pompadour 20 ud.,"3,19 €",,"91,14 €/kg",,,,,https://static.carrefour.es/hd_510x_/img_pim_food/092068_00_1.jpg
https://www.carrefour.es/supermercado/garbanzos-con-espinacas-vegetal-litoral-sin-gluten-425-g/R-757607343/p,Garbanzos con espinacas Vegetal Litoral sin gluten 425 g.,"2,25 €",,"5,29 €/kg",,La Despensa,"Conservas, Sopas y Precocinados",Platos Tradicionales,https://static.carrefour.es/hd_510x_/img_pim_food/766669_00_1.jpg
https://www.carrefour.es/supermercado/tinte-permanente-n-101-rubio-muy-claro-ceniza-intensive-age-care-color-palette-schwarzkopf-1-ud/R-VC4AECOMM-064481/p,Tinte permanente nº 10.1 rubio muy claro ceniza Intensive Age Care Color Palette Schwarzkopf 1 ud.,"5,89 €",,"5,89 €/ud",,Perfumería e Higiene,Cabello,Tinte,https://static.carrefour.es/hd_510x_/img_pim_food/064481_00_1.jpg
https://www.carrefour.es/supermercado/tortita-pizza-fiambre-de-jamon-de-pavo-aldelis-270-g/R-VC4AECOMM-102441/p,Tortita pizza fiambre de jamón de pavo Aldelís 270 g,"2,95 €",,"10,93 €/kg",,La Despensa,"Conservas, Sopas y Precocinados",Platos Preparados,https://static.carrefour.es/hd_510x_/img_pim_food/102441_00_1.jpg
https://www.carrefour.es/supermercado/rollitos-de-fresa-deshidratada-sin-azucar-anadido-bear-sin-gluten-pack-de-5-unidades-de-20-g/R-VC4AECOMM-292463/p,Rollitos de fresa deshidratada sin azúcar añadido Bear sin gluten pack de 5 unidades de 20 g.,"3,15 €",,"31,50 €/kg",,La Despensa,Dulce,Dulces y Golosinas,https://static.carrefour.es/hd_510x_/img_pim_food/292463_00_1.jpg
https://www.carrefour.es/supermercado/caldo-natural-de-pollo-con-jamon-aneto-sin-gluten-y-sin-lactosa-brik-1-l/R-VC4AECOMM-795915/p,Caldo natural de pollo con jamón Aneto sin gluten y sin lactosa brik 1 l.,"4,29 €",,"4,29 €/l",,La Despensa,"Conservas, Sopas y Precocinados","Caldos, Sopas y Pure",https://static.carrefour.es/hd_510x_/img_pim_food/795915_00_1.jpg
https://www.carrefour.es/supermercado/vino-tinto-joven-monastrell-castillo-del-picacho-vendimia-seleccionada-do-jumilla-75-cl/R-841500482/p,Vino tinto joven monastrell Castillo del Picacho Vendimia Seleccionada D.O. Jumilla 75 cl.,"1,99 €",,"1,99 €/ud",,Bebidas,Vinos,Tinto,https://static.carrefour.es/hd_510x_/img_pim_food/980143_00_1.jpg
https://www.carrefour.es/supermercado/brocha-maquillaje-foundation-dytas-1-ud/R-VC4AECOMM-008247/p,Brocha maquillaje foundation Dytas 1 ud.,"3,49 €",,"3,49 €/ud",,Perfumería e Higiene,Cosmética,Rostro,https://static.carrefour.es/hd_510x_/img_pim_food/008247_00_1.jpg
https://www.carrefour.es/supermercado/cerveza-mahou-la-diabla-sabor-mango-chili-lata-33-cl/R-VC4AECOMM-410748/p,Cerveza Mahou la diabla sabor mango chili lata 33 cl.,"0,99 €",,"3,00 €/l",,Bebidas,Cerveza,Todas las Cervezas,https://static.carrefour.es/hd_510x_/img_pim_food/410748_00_1.jpg
https://www.carrefour.es/supermercado/cava-berberana-gran-tradicion-semi-seco-do-cava-75-cl/R-VC4AECOMM-130429/p,Cava Berberana Gran Tradición semi seco D.O. Cava 75 cl.,"3,35 €",,"3,35 €/ud",,Bebidas,Cava y champagne,Cavas,https://static.carrefour.es/hd_510x_/img_pim_food/130429_00_1.jpg
https://www.carrefour.es/supermercado/coles-de-bruselas-carrefour-450-g/R-521031628/p,Coles de Bruselas Carrefour 450 g.,"1,65 €",,"3,67 €/kg",,Congelados,Verduras Congeladas,,https://static.carrefour.es/hd_510x_/img_pim_food/673181_00_1.jpg
https://www.carrefour.es/supermercado/suavizante-concentrado-talco-essential-carrefour-80-lavados/R-VC4AECOMM-371959/p,Suavizante concentrado talco Essential Carrefour 80 lavados.,"1,69 €",,"0,02 €/lavado",,Limpieza y Hogar,Cuidado de la Ropa,Suavizantes,https://static.carrefour.es/hd_510x_/img_pim_food/371959_00_1.jpg
https://www.carrefour.es/supermercado/aceite-corporal-natural-tratamiento-de-estrias-cicatrices-y-manchas-bio-oil-60-ml/R-VC4AECOMM-002650/p,"Aceite corporal natural tratamiento de estrías, cicatrices y manchas Bio-Oil 60 ml.","13,89 €",,"23,15 €/100ml",,Parafarmacia,Cuidado corporal,Cremas y Lociones,https://static.carrefour.es/hd_510x_/img_pim_food/002650_00_1.jpg
https://www.carrefour.es/supermercado/cebolla-francesa-carrefour-el-mercado-500-g/R-521031807/p,Cebolla francesa Carrefour El Mercado 500 g,"1,62 €",,"3,24 €/kg",,Productos Frescos,Verduras y hortalizas,"Patatas, Cebollas y Ajos",https://static.carrefour.es/hd_510x_/img_pim_food/795913_00_1.jpg
https://www.carrefour.es/supermercado/plantillas-deportivas-carrefour-expert-1-par/R-521001080/p,Plantillas deportivas Carrefour Expert 1 par.,"2,59 €",,"2,59 €/ud",,Limpieza y Hogar,Calzado,Plantillas de Calzado,https://static.carrefour.es/hd_510x_/img_pim_food/230056_00_1.jpg
https://www.carrefour.es/supermercado/piparras-en-aceite-de-oliva-virgen-extra-carrefour-190-g/R-VC4AECOMM-155196/p,Piparras en aceite de oliva virgen Extra Carrefour 190 g.,"4,09 €",,"21,53 €/kg",,La Despensa,Aperitivos,Aceitunas y Encurtidos,https://static.carrefour.es/hd_510x_/img_pim_food/155196_00_1.jpg
https://www.carrefour.es/supermercado/pizza-4-quesos-rustica-dr-oetker-555-g/R-804987801/p,Pizza 4 quesos Rústica Dr. Oetker 555 g.,"5,99 €",,"10,89 €/kg",,La Despensa,"Conservas, Sopas y Precocinados",Pizzas,https://static.carrefour.es/hd_510x_/img_pim_food/915234_00_1.jpg
https://www.carrefour.es/supermercado/colageno-con-magnesio-en-comprimidos-ana-maria-lajusticia-sin-gluten-180-ud/R-prod212332/p,Colágeno con magnesio en comprimidos Ana María Lajusticia sin gluten 180 ud.,"8,05 €",,"2,68 €/100g",,Parafarmacia,Nutrición y Dietética,Complementos Vitamínicos,https://static.carrefour.es/hd_510x_/img_pim_food/973578_00_1.jpg
https://www.carrefour.es/supermercado/vino-tinto-reserva-tempranillo-vina-albali-do-valdepenas-75-cl/R-520662791/p,Viña Albali Tinto Reserva 2019,"3,35 €",,"3,35 €/ud",,Bebidas,Vinos,Tinto,https://static.carrefour.es/hd_510x_/img_pim_food/000214_00_1.jpg
https://www.carrefour.es/supermercado/nuez-pecana-natural-original-carrefour-200-g/R-VC4AECOMM-615039/p,Nuez pecana natural Original Carrefour 200 g.,"3,65 €",,"18,25 €/kg",,La Despensa,Aperitivos,Frutos Secos,https://static.carrefour.es/hd_510x_/img_pim_food/615039_00_1.jpg
https://www.carrefour.es/supermercado/desodorante-stick-antimanchas-0-alcohol-neutral-24h-carrefour-soft-75-ml/R-VC4AECOMM-177843/p,Desodorante stick antimanchas 0% alcohol neutral 24h Carrefour Soft 75 ml.,"1,90 €",,"3,80 €/100ml",,Perfumería e Higiene,Baño e Higiene Corporal,Desodorantes,https://static.carrefour.es/hd_510x_/img_pim_food/177843_00_1.jpg
https://www.carrefour.es/supermercado/limpiamuebles-antiestatico-expert-carrefour-300-ml/R-646601801/p,Limpiamuebles antiestático Expert Carrefour 300 ml,"1,24 €",,"4,13 €/l",,Limpieza y Hogar,Productos para toda la casa,Limpia Muebles,https://static.carrefour.es/hd_510x_/img_pim_food/816523_00_1.jpg
https://www.carrefour.es/supermercado/ensalada-rusa-carrefour-250-g/R-521029280/p,Ensalada rusa Carrefour 250 g.,"2,45 €",,"9,80 €/kg",,La Despensa,"Conservas, Sopas y Precocinados",Conservas de Vegetales,https://static.carrefour.es/hd_510x_/img_pim_food/716615_00_1.jpg
https://www.carrefour.es/supermercado/queso-rallado-cheddar-mozzarella-arla-150-g/R-prod731122/p,Queso rallado Cheddar & Mozzarella Arla 150 g.,"3,42 €",,"19,54 €/kg",,Productos Frescos,Quesos,Todos los Quesos,https://static.carrefour.es/hd_510x_/img_pim_food/856004_00_1.jpg
https://www.carrefour.es/supermercado/galletas-rellenas-de-yogur-con-avena-y-frutos-rojos-gullon-220-g/R-795725873/p,Galletas rellenas de yogur con avena y frutos rojos Gullón 220 g.,"2,59 €",,"11,77 €/kg",,La Despensa,Desayuno,Galletas,https://static.carrefour.es/hd_510x_/img_pim_food/895582_00_1.jpg
https://www.carrefour.es/supermercado/desodorante-roll-on-antitranspirante-original-perspirex-20-ml/R-590508922/p,Desodorante roll-on antitranspirante Original Perspirex 20 ml.,"16,25 €",,"81,25 €/100ml",,Parafarmacia,Cuidado corporal,Desodorantes,https://static.carrefour.es/hd_510x_/img_pim_food/558084_00_1.jpg
https://www.carrefour.es/supermercado/cafe-molido-natural-descafeinado-lavazza-250-g/R-VC4AECOMM-582731/p,Café molido natural descafeinado Lavazza 250 g.,"6,85 €",,"27,40 €/kg",,La Despensa,Desayuno,Cafés,https://static.carrefour.es/hd_510x_/img_pim_food/582731_00_1.jpg
https://www.carrefour.es/supermercado/batido-de-cacao-sin-azucar-anadido-cacaolat-sin-gluten-200-ml/R-VC4AECOMM-188994/p,Batido de cacao sin azúcar añadido Cacaolat sin gluten 200 ml.,"1,77 €",,"8,85 €/l",,La Despensa,Lácteos,Listo para beber,https://static.carrefour.es/hd_510x_/img_pim_food/188994_00_1.jpg
https://www.carrefour.es/supermercado/nuez-ecologia-carreofur-130-g/R-843700668/p,Nuez Ecología Carreofur 130 g,"3,05 €",,"23,46 €/kg",,La Despensa,Aperitivos,Frutos Secos,https://static.carrefour.es/hd_510x_/img_pim_food/986794_00_1.jpg
https://www.carrefour.es/supermercado/caja-fruta-y-verdura-zero-desperdicio-alimentario-carrefour-15-kg-aprox/R-VC4AECOMM-315255/p,"Caja fruta y verdura zero desperdicio alimentario Carrefour 1,5 kg aprox","1,99 €",,"1,99 €/ud",,Productos Frescos,Frutas,"Piñas, Kiwis, Aguacates y Tropicales",https://static.carrefour.es/hd_510x_/img_pim_food/315255_00_1.jpg
https://www.carrefour.es/supermercado/leche-desnatada-0-mg-disney-puleva-brik-1-l/R-VC4AECOMM-368979/p,Leche desnatada 0% MG Disney Puleva brik 1 l.,"1,39 €",,"1,39 €/l",,La Despensa,Lácteos,Leche,https://static.carrefour.es/hd_510x_/img_pim_food/368979_00_1.jpg
https://www.carrefour.es/supermercado/cerveza-tostada-mahou-00-alcohol-pack-de-12-latas-de-33-cl/R-prod1060211/p,"Cerveza tostada Mahou 0,0 alcohol pack de 12 latas de 33 cl.","9,65 €",,"2,44 €/l",,Bebidas,Cerveza,Sin Alcohol,https://static.carrefour.es/hd_510x_/img_pim_food/124582_00_1.jpg
https://www.carrefour.es/supermercado/pechuga-de-pollo-cocida-en-finas-lonchas-carrefour-el-mercado-sin-gluten-200-g/R-VC4AECOMM-050764/p,Pechuga de Pollo Cocida en finas lonchas Carrefour El Mercado sin gluten 200 g,"2,09 €",,"10,45 €/kg",,Productos Frescos,Charcutería,Jamón Cocido y Lacón,https://static.carrefour.es/hd_510x_/img_pim_food/050764_00_1.jpg
https://www.carrefour.es/supermercado/galletas-de-mantequillas-con-tabletas-de-chocolate-negro-carrefour-classic-150-g/R-680901948/p,Galletas de mantequillas con tabletas de chocolate negro Carrefour Classic 150 g.,"1,40 €",,"9,33 €/kg",,La Despensa,Desayuno,Galletas,https://static.carrefour.es/hd_510x_/img_pim_food/065534_00_1.jpg
https://www.carrefour.es/supermercado/agua-de-colonia-classic-fresh-s3-750-ml/R-520663729/p,Agua de colonia Classic Fresh S3 750 ml.,"3,39 €",,"0,45 €/100ml",,Perfumería e Higiene,Baño e Higiene Corporal,Colonias,https://static.carrefour.es/hd_510x_/img_pim_food/791972_00_1.jpg
https://www.carrefour.es/supermercado/sandwich-mokaccino-crunchy-maxibon-4-ud/R-VC4AECOMM-164492/p,Sandwich Mokaccino Crunchy Maxibon 4 ud.,"6,19 €",,"1,55 €/ud",,Congelados,Helados,Sandwiches,https://static.carrefour.es/hd_510x_/img_pim_food/164492_00_1.jpg
https://www.carrefour.es/supermercado/canonigo-carrefour-200-g/R-521032349/p,Canónigo Carrefour 200 g,"1,84 €",,"9,20 €/kg",,Productos Frescos,Verduras y hortalizas,Ensaladas y Verduras Preparadas,https://static.carrefour.es/hd_510x_/img_pim_food/621858_00_1.jpg
https://www.carrefour.es/supermercado/serum-facil-azelaniacin-a-azelaiconiacinamida-dermocracy-30-ml/R-VC4AECOMM-365427/p,Serum facil azela+niacin (A. Azelaico+Niacinamida) Dermocracy 30 ml.,"15,29 €",,"50,97 €/100ml",,Perfumería e Higiene,Cosmética,Rostro,https://static.carrefour.es/hd_510x_/img_pim_food/365427_00_1.jpg
https://www.carrefour.es/supermercado/patatas-fritas-estilo-churreria-carrefour-150-g/R-VC4AECOMM-502317/p,Patatas fritas estilo churrería Carrefour 150 g.,"1,43 €",,"9,53 €/kg",,La Despensa,Aperitivos,Patatas Fritas,https://static.carrefour.es/hd_510x_/img_pim_food/502317_00_1.jpg
https://www.carrefour.es/supermercado/papel-de-cocina-compact-foxy-3-rollos/R-818615362/p,Papel de cocina Compact Foxy 3 rollos.,"4,29 €",,"1,43 €/ud",,Limpieza y Hogar,Papel y Celulosa,Papel Cocina y Multiusos,https://static.carrefour.es/hd_510x_/img_pim_food/952222_00_1.jpg
https://www.carrefour.es/supermercado/agua-mineral-con-gas-perrier-1-l/R-700709035/p,Agua mineral con gas Perrier 1 l.,"1,62 €",,"1,62 €/l",,Bebidas,Aguas y Zumos,Agua con gas,https://static.carrefour.es/hd_510x_/img_pim_food/725439_00_1.jpg
https://www.carrefour.es/supermercado/fuze-tea-melocoton-y-hibisco-botella-50-cl/R-VC4AECOMM-414373/p,Fuze Tea melocotón y hibisco botella 50 cl.,"1,45 €",,"2,90 €/l",,Bebidas,Refrescos,Té,https://static.carrefour.es/hd_510x_/img_pim_food/414373_00_1.jpg
https://www.carrefour.es/supermercado/cocktail-de-frutos-secos-crudos-borges-sin-gluten-doy-pack-130-g/R-768101387/p,Cocktail de frutos secos crudos Borges sin gluten doy pack 130 g.,"3,25 €",,"25,00 €/kg",,La Despensa,Aperitivos,Frutos Secos,https://static.carrefour.es/hd_510x_/img_pim_food/776158_00_1.jpg
https://www.carrefour.es/supermercado/compresas-tocologicas-especificas-para-el-parto-100-algodon-primeros-dias-indasec-postpart-12-ud/R-VC4AECOMM-305446/p,Compresas tocológicas especificas para el parto 100% algodón primeros días Indasec Postpart 12 ud.,"7,65 €",,"0,64 €/ud",,Parafarmacia,Bebé,Embarazo y Lactancia,https://static.carrefour.es/hd_510x_/img_pim_food/305446_00_1.jpg
https://www.carrefour.es/supermercado/ensaladilla-rusa-300-g/R-VC4AECOMM-552682/p,Ensaladilla rusa 300 g,"2,70 €",,"9,00 €/kg",,Productos Frescos,Platos Preparados Cocinados,"Ensaladas, Gazpachos y Sandwiches",https://static.carrefour.es/hd_510x_/img_pim_food/552682_00_1.jpg
https://www.carrefour.es/supermercado/barrita-de-proteina-sabor-galleta-enervit-sin-gluten-55-g/R-VC4AECOMM-095481/p,Barrita de proteina sabor galleta Enervit sin gluten 55 g,"2,65 €",,"48,18 €/kg",,La Despensa,Desayuno,Barritas,https://static.carrefour.es/hd_510x_/img_pim_food/095481_00_1.jpg
https://www.carrefour.es/supermercado/caldo-casero-de-pollo-gallina-blanca-sin-gluten-pack-de-6-unidades-de-1-l/R-VC4AECOMM-555720/p,Caldo casero de pollo Gallina Blanca sin gluten pack de 6 unidades de 1 l.,"10,65 €",,"1,78 €/l",,La Despensa,"Conservas, Sopas y Precocinados","Caldos, Sopas y Pure",https://static.carrefour.es/hd_510x_/img_pim_food/555720_00_1.jpg
https://www.carrefour.es/supermercado/caramelos-de-goma-regaliz-black-edition-haribo-150-g/R-VC4AECOMM-165704/p,Caramelos de goma regaliz Black Edition Haribo 150 g.,"2,29 €",,"15,27 €/kg",,La Despensa,Dulce,Dulces y Golosinas,https://static.carrefour.es/hd_510x_/img_pim_food/165704_00_1.jpg
https://www.carrefour.es/supermercado/lentejas-de-la-abuela-hoy-legumbres-litoral-sin-gluten-425-g/R-546306110/p,Lentejas de la abuela Hoy Legumbres Litoral sin gluten 425 g.,"2,05 €",,"4,82 €/kg",,La Despensa,"Conservas, Sopas y Precocinados",Platos Tradicionales,https://static.carrefour.es/hd_510x_/img_pim_food/134593_00_1.jpg
https://www.carrefour.es/supermercado/menu-para-canarios-vitakraft-500-gr/R-553703572/p,Menú para Canarios Vitakraft 500 gr,"2,49 €",,"4,98 €/kg",,Mascotas,Pájaros,Pienso para pájaros,https://static.carrefour.es/hd_510x_/img_pim_food/361704_00_1.jpg
https://www.carrefour.es/supermercado/pizza-margarita-ecologica-carrefour-bio-310-g/R-609801248/p,Pizza margarita ecológica Carrefour Bio 310 g.,"3,99 €",,"12,87 €/kg",,Congelados,Pizzas Congeladas,,https://static.carrefour.es/hd_510x_/img_pim_food/399289_00_1.jpg
https://www.carrefour.es/supermercado/ron-blanco-apache-70-cl/R-VC4AECOMM-504015/p,Ron blanco Apache 70 cl.,"4,89 €",,"6,99 €/l",,,,,https://static.carrefour.es/hd_510x_/img_pim_food/504015_00_1.jpg
https://www.carrefour.es/supermercado/pienso-de-salmon-y-arroz-para-perro-mini-purina-one-delicate-15-kg/R-789471456/p,"Pienso de salmón y arroz para perro mini Purina One Delicate 1,5 kg.","7,69 €",,"5,13 €/kg",,Mascotas,Perros,Pienso para perros,https://static.carrefour.es/hd_510x_/img_pim_food/771765_00_1.jpg
https://www.carrefour.es/supermercado/galletas-girasol-rio-600-g/R-VC4AECOMM-336097/p,Galletas girasol Rio 600 g.,"4,99 €",,"8,32 €/kg",,La Despensa,Desayuno,Galletas,https://static.carrefour.es/hd_510x_/img_pim_food/336097_00_1.jpg
https://www.carrefour.es/supermercado/pate-de-higado-de-cerdo-classic-carrefour-pack-de-4-unidades-de-78-g/R-521006577/p,Paté de hígado de cerdo Classic Carrefour pack de 4 unidades de 78 g.,"2,19 €",,"9,36 €/kg",,Productos Frescos,Charcutería,"Foie, Patés y Sobrasadas",https://static.carrefour.es/hd_510x_/img_pim_food/695605_00_1.jpg
https://www.carrefour.es/supermercado/queso-de-oveja-curado-canada-mayor-250-g/R-VC4AECOMM-199258/p,Queso de oveja curado Cañada Mayor 250 g.,"6,11 €",,"24,44 €/kg",,Productos Frescos,Quesos,Curado,https://static.carrefour.es/hd_510x_/img_pim_food/199258_00_1.jpg
https://www.carrefour.es/supermercado/muffin-sabor-galleta-caramelo-1-ud/R-VC4AECOMM-342489/p,Muffin sabor galleta caramelo 1 ud,"1,25 €",,"10,42 €/kg",,Productos Frescos,Panadería Tradicional,Bollería Tradicional,https://static.carrefour.es/hd_510x_/img_pim_food/342489_00_1.jpg
https://www.carrefour.es/supermercado/zumo-de-arandano-ocean-spray-light-brik-1-l/R-638301845/p,Zumo de arándano Ocean Spray light brik 1 l.,"2,25 €",,"2,25 €/l",,Bebidas,Aguas y Zumos,Zumos no Refrigerados,https://static.carrefour.es/hd_510x_/img_pim_food/465897_00_1.jpg
https://www.carrefour.es/supermercado/pepinillos-masala-rioverde-120-g/R-VC4AECOMM-366841/p,Pepinillos masala Rioverde 120 g.,"2,25 €",,"18,75 €/ud",,La Despensa,Aperitivos,Aceitunas y Encurtidos,https://static.carrefour.es/hd_510x_/img_pim_food/366841_00_1.jpg
https://www.carrefour.es/supermercado/aquarius-sabor-limon-pack-de-2-botellas-de-15-l/R-789915234/p,"Aquarius sabor limón pack de 2 botellas de 1,5 l.","3,59 €",,"1,20 €/l",,Bebidas,Refrescos,Isotónicas,https://static.carrefour.es/hd_510x_/img_pim_food/311056_00_1.jpg
https://www.carrefour.es/supermercado/pinza-de-depilar-punta-recta-beter-1-ud/R-798482495/p,Pinza de depilar punta recta Beter 1 ud.,"3,09 €",,"3,09 €/ud",,Perfumería e Higiene,Cosmética,Accesorios de Maquillaje y Manicura y Pedicura,https://static.carrefour.es/hd_510x_/img_pim_food/901577_00_1.jpg
https://www.carrefour.es/supermercado/tampones-compak-lites-tampax-24-ud/R-VC4AECOMM-729540/p,Tampones Compak Lites Tampax 24 ud.,"4,35 €",,"0,18 €/ud",,Perfumería e Higiene,Higiene íntima,Tampones,https://static.carrefour.es/hd_510x_/img_pim_food/729540_00_1.jpg
https://www.carrefour.es/supermercado/miel-de-azahar-crema-con-zumo-de-limon-y-jengibre-apijengibre-apiterapia-300-g/R-VC4AECOMM-408419/p,Miel de azahar crema con zumo de limón y jengibre ApiJengibre Apiterapia 300 g.,"7,15 €",,"28,60 €/kg",,,,,https://static.carrefour.es/hd_510x_/img_pim_food/408419_00_1.jpg
https://www.carrefour.es/supermercado/galletas-con-jengibre-walkers-150-g/R-VC4AECOMM-008303/p,Galletas con jengibre Walkers 150 g.,"3,75 €",,"25,00 €/kg",,La Despensa,Desayuno,Galletas,https://static.carrefour.es/hd_510x_/img_pim_food/008303_00_1.jpg
https://www.carrefour.es/supermercado/te-felicidad-en-bolsitas-hornimans-15-ud/R-VC4AECOMM-349033/p,Té Felicidad en bolsitas Hornimans 15 ud.,"3,15 €",,"136,96 €/kg",,La Despensa,Desayuno,Infusiones y Tés,https://static.carrefour.es/hd_510x_/img_pim_food/349033_00_1.jpg
https://www.carrefour.es/supermercado/colutorio-antiseptico-oraldine-400-ml/R-590508838/p,Colutorio antiséptico Oraldine 400 ml.,"7,59 €",,"1,90 €/100ml",,Parafarmacia,Higiene Bucal,Colutorio,https://static.carrefour.es/hd_510x_/img_pim_food/555603_00_1.jpg
https://www.carrefour.es/supermercado/nestea-te-negro-con-limon-sin-azucar-pack-2-botellas-15-l/R-VC4AECOMM-292579/p,"Nestea té negro con limón sin azúcar pack 2 botellas 1,5 l.","3,75 €",,"1,25 €/l",,Bebidas,Refrescos,Sabores sin Gas,https://static.carrefour.es/hd_510x_/img_pim_food/292579_00_1.jpg
https://www.carrefour.es/supermercado/complemento-alimenticio-desde-12-meses-sabor-chocolate-pediasure-850gr-pediasure/R-735888942/p,Complemento Alimenticio desde 12 meses sabor chocolate Pediasure 850gr,"28,90 €",,"34,00 €/kg",,Bebé,Alimentación infantil,Complementos Alimenticios e Infusiones para bebé,https://static.carrefour.es/hd_510x_/img_pim_food/696716_00_1.jpg
https://www.carrefour.es/supermercado/margarina-ligera-carrefour-500-g/R-prod830349/p,Margarina ligera Carrefour 500 g.,"1,40 €",,"2,80 €/kg",,La Despensa,Lácteos,Mantequillas y Margarinas,https://static.carrefour.es/hd_510x_/img_pim_food/299532_00_1.jpg
https://www.carrefour.es/supermercado/snack-de-chocolate-alto-en-proteinas-just-loading-20-g/R-VC4AECOMM-674360/p,Snack de chocolate alto en proteínas Just Loading 20 g.,"1,27 €",,"63,50 €/kg",,La Despensa,Aperitivos,Snacks,https://static.carrefour.es/hd_510x_/img_pim_food/674360_00_1.jpg
https://www.carrefour.es/supermercado/tortillas-de-harina-de-trigo-y-maiz-carrefour-320-g/R-785317880/p,Tortillas de harina de trigo y maíz Carrefour 320 g,"1,55 €",,"1,55 €/ud",,La Despensa,"Conservas, Sopas y Precocinados","Tortillas, Empanadillas y Sandwiches",https://static.carrefour.es/hd_510x_/img_pim_food/392567_00_1.jpg
https://www.carrefour.es/supermercado/aperitivos-de-maiz-sabor-barbacoa-doritos-bits-115-g/R-799715356/p,Aperitivos de maíz sabor barbacoa Doritos Bits 115 g.,"1,37 €",,"11,91 €/kg",,La Despensa,Aperitivos,Snacks,https://static.carrefour.es/hd_510x_/img_pim_food/903516_00_1.jpg
https://www.carrefour.es/supermercado/gel-de-ducha-hidratante-colonia-carrefour-750-ml/R-prod1070618/p,Gel de ducha hidratante colonia Carrefour 750 ml.,"1,39 €",,"0,19 €/100ml",,Perfumería e Higiene,Baño e Higiene Corporal,Geles de Baño,https://static.carrefour.es/hd_510x_/img_pim_food/141079_00_1.jpg
https://www.carrefour.es/supermercado/yogur-griego-bicapa-de-fresa-carrefour-extra-pack-de-4-unidades-de-125-g/R-641302318/p,Yogur griego bicapa de fresa Carrefour Extra pack de 4 unidades de 125 g.,"1,64 €",,"3,28 €/kg",,La Despensa,Yogures y Postres,Yogures Griegos y Enriquecidos,https://static.carrefour.es/hd_510x_/img_pim_food/813606_00_1.jpg
https://www.carrefour.es/supermercado/cafe-soluble-natural-nescafe-classic-300-g/R-521003043/p,Café soluble natural Nescafé Classic 300 g.,"9,89 €",,"32,97 €/kg",,La Despensa,Desayuno,Cafés,https://static.carrefour.es/hd_510x_/img_pim_food/643314_00_1.jpg
https://www.carrefour.es/supermercado/queso-de-mezcla-semicurado-mini-carrefour-pieza-de-900-g/R-VC4AECOMM-682144/p,Queso de mezcla semicurado mini Carrefour pieza de 900 g,"9,29 €",,"10,32 €/kg",,Productos Frescos,Quesos,Semicurado,https://static.carrefour.es/hd_510x_/img_pim_food/682144_00_1.jpg
https://www.carrefour.es/supermercado/pisto-de-verduras-carretilla-sin-gluten-300-g/R-520661050/p,Pisto de verduras Carretilla sin gluten 300 g.,"3,35 €",,"11,17 €/kg",,La Despensa,"Conservas, Sopas y Precocinados",Platos Preparados,https://static.carrefour.es/hd_510x_/img_pim_food/063349_00_1.jpg
https://www.carrefour.es/supermercado/preparado-de-coco-sabor-stracciatella-alpro-340-g/R-VC4AECOMM-016048/p,Preparado de coco sabor stracciatella Alpro 340 g.,"3,25 €",,"9,56 €/kg",,La Despensa,Yogures y Postres,Vegetal,https://static.carrefour.es/hd_510x_/img_pim_food/016048_00_1.jpg
https://www.carrefour.es/supermercado/cepillo-de-dientes-plus-petit-phb-1-ud/R-590504100/p,Cepillo de dientes Plus Petit Phb 1 ud.,"5,15 €",,"5,15 €/ud",,Perfumería e Higiene,Boca y Sonrisa,"Cepillos, Recambios y Accesorios",https://static.carrefour.es/hd_510x_/img_pim_food/257844_00_1.jpg
https://www.carrefour.es/supermercado/crema-de-manos-nutritiva-karite-ecologica-para-piel-seca-carrefour/R-VC4AECOMM-598816/p,Crema de manos nutritiva karite ecológica para piel seca Carrefour,"2,35 €",,"3,13 €/100ml",,Perfumería e Higiene,Cuidado y Protección Corporal,Piel,https://static.carrefour.es/hd_510x_/img_pim_food/598816_00_1.jpg
https://www.carrefour.es/supermercado/cava-freixenet-rose-75-cl/R-VC4AECOMM-593080/p,Freixenet Cava Rosado,"7,99 €",,"7,99 €/ud",,Bebidas,Cava y champagne,Cavas,https://static.carrefour.es/hd_510x_/img_pim_food/593080_00_1.jpg
https://www.carrefour.es/supermercado/caramelos-masticables-pez-67-g/R-521004749/p,Caramelos masticables Pez 67 g.,"2,35 €",,"35,07 €/kg",,La Despensa,Dulce,Dulces y Golosinas,https://static.carrefour.es/hd_510x_/img_pim_food/052477_00_1.jpg
https://www.carrefour.es/supermercado/crema-de-chocolate-loch-castle-70-cl/R-VC4AECOMM-431277/p,Crema de chocolate Loch Castle 70 cl.,"7,49 €",,"10,70 €/l",,,,,https://static.carrefour.es/hd_510x_/img_pim_food/431277_00_1.jpg
https://www.carrefour.es/supermercado/biberon-con-tetina-de-silicona-anatomica-flujo-medio-0-6-meses-suavinex-270-ml/R-VC4AECOMM-649311/p,Biberón con tetina de silicona anatómica flujo medio 0-6 meses Suavinex 270 ml.,"8,75 €",,"8,75 €/ud",,Parafarmacia,Bebé,Puericultura,https://static.carrefour.es/hd_510x_/img_pim_food/649311_00_1.jpg
https://www.carrefour.es/supermercado/kefir-natural-carrefour-sensation-500-g/R-VC4AECOMM-485688/p,Kéfir natural Carrefour Sensation 500 g.,"1,42 €",,"2,84 €/kg",,La Despensa,Yogures y Postres,Yogur Natural y Sabores,https://static.carrefour.es/hd_510x_/img_pim_food/485688_00_1.jpg
https://www.carrefour.es/supermercado/crema-de-cacao-con-avellanas-carrefour-sin-gluten-400-g/R-prod731317/p,Crema de cacao con avellanas Carrefour sin gluten 400 g.,"2,39 €",,"5,97 €/kg",,La Despensa,Dulce,"Cremas de Cacao, Avellana y Cacahuete",https://static.carrefour.es/hd_510x_/img_pim_food/856820_00_1.jpg
https://www.carrefour.es/supermercado/preparado-para-flanes-y-natillas-potax-192-g/R-521004419/p,Preparado para flanes y natillas Potax 192 g.,"1,75 €",,"9,11 €/kg",,La Despensa,Dulce,Repostería,https://static.carrefour.es/hd_510x_/img_pim_food/002012_00_1.jpg
https://www.carrefour.es/supermercado/salsa-arrabbiata-barilla-tarro-400-g/R-605301803/p,Salsa arrabbiata Barilla tarro 400 g.,"3,15 €",,"7,87 €/kg",,La Despensa,Alimentación,Salsas y Tomate Frito,https://static.carrefour.es/hd_510x_/img_pim_food/231080_00_1.jpg
https://www.carrefour.es/supermercado/red-bull-winter-edition-sabor-iced-vanilla-berry-sin-azucar-lata-25-cl/R-VC4AECOMM-485004/p,Red Bull Winter Edition sabor iced vanilla berry sin azúcar lata 25 cl.,"1,81 €",,"7,24 €/l",,Bebidas,Refrescos,Energéticas,https://static.carrefour.es/hd_510x_/img_pim_food/485004_00_1.jpg
https://www.carrefour.es/supermercado/chorizo-iberico-extra-en-petalos-noel-delizias-al-corte-sin-gluten-90-g/R-VC4AECOMM-714155/p,Chorizo ibérico extra en pétalos Noel Delizias al corte sin gluten 90 g,"4,79 €",,"53,22 €/kg",,Productos Frescos,Charcutería,"Chorizo, Lomo y Otros",https://static.carrefour.es/hd_510x_/img_pim_food/714155_00_1.jpg
https://www.carrefour.es/supermercado/pienso-de-salmon-para-gato-adulto-esterilizado-ultima-nature-cat-125-kg/R-826217358/p,"Pienso de salmón para gato adulto esterilizado Ultima Nature Cat 1,25 kg.","10,90 €",,"8,72 €/kg",,Mascotas,Gatos,Pienso para gatos,https://static.carrefour.es/hd_510x_/img_pim_food/960640_00_1.jpg
https://www.carrefour.es/supermercado/tinte-retoca-raices-spray-instantaneo-castano-oscuro-magic-retouch-loreal-paris-75-ml/R-VC4AECOMM-314515/p,Tinte retoca raíces spray instantáneo castaño oscuro Magic Retouch L'Oreal Paris 75 ml.,"6,40 €",,"6,40 €/ud",,Perfumería e Higiene,Cabello,Tinte,https://static.carrefour.es/hd_510x_/img_pim_food/314515_00_1.jpg
https://www.carrefour.es/supermercado/cerveza-desperados-sabor-tequila-lima-y-cactus-botella-33-cl/R-VC4AECOMM-476380/p,"Cerveza Desperados sabor tequila, lima y cactus botella 33 cl","1,32 €",,"4,00 €/l",,Bebidas,Cerveza,Todas las Cervezas,https://static.carrefour.es/hd_510x_/img_pim_food/476380_00_1.jpg
https://www.carrefour.es/supermercado/ambientador-flor-perfumada-cereza-the-fruit-company-50-ml/R-VC4AECOMM-471969/p,Ambientador flor perfumada cereza The Fruit Company 50 ml.,"4,69 €",,"9,38 €/100ml",,Limpieza y Hogar,Ambientadores,Decorativos,https://static.carrefour.es/hd_510x_/img_pim_food/471969_00_1.jpg
https://www.carrefour.es/supermercado/vino-blanco-semidulce-emparrado-75-cl/R-520661394/p,Vino blanco semidulce Emparrado 75 cl.,"3,19 €",,"4,25 €/l",,Bebidas,Vinos,Blanco,https://static.carrefour.es/hd_510x_/img_pim_food/042536_00_1.jpg
https://www.carrefour.es/supermercado/gel-intimo-delicado-suave-para-piel-sensible-anti-odor-ph-5-chilly-250-ml/R-590211159/p,Gel íntimo delicado suave para piel sensible anti odor pH 5 Chilly 250 ml.,"4,89 €",,"1,96 €/100ml",,Perfumería e Higiene,Higiene íntima,Toallitas y geles íntimos,https://static.carrefour.es/hd_510x_/img_pim_food/298557_00_1.jpg
https://www.carrefour.es/supermercado/harina-de-trigo-integral-gallo-nature-1-kg/R-728807127/p,Harina de trigo integral Gallo Nature 1 kg.,"1,90 €",,"1,90 €/kg",,La Despensa,Alimentación,Harinas y Levaduras,https://static.carrefour.es/hd_510x_/img_pim_food/673965_00_1.jpg
https://www.carrefour.es/supermercado/txakoli-do-getariako-txakolina-txomin-etxaniz-75-cl/R-804260187/p,Txomin Etxaniz Blanco 2023,"12,49 €",,"12,49 €/ud",,Bebidas,Vinos,Blanco,https://static.carrefour.es/hd_510x_/img_pim_food/902502_00_1.jpg
https://www.carrefour.es/supermercado/la-casera-de-naranja-zero-azucares-anadidos-pack-de-2-botellas-de-15-l/R-690302028/p,"La Casera de naranja zero azucares añadidos pack de 2 botellas de 1,5 l.","1,78 €",,"0,59 €/l",,Bebidas,Refrescos,Sabores con Gas,https://static.carrefour.es/hd_510x_/img_pim_food/081797_00_1.jpg
https://www.carrefour.es/supermercado/aceitunas-verdes-manzanilla-con-hueso-carrefour-500-g/R-VC4AECOMM-488088/p,Aceitunas verdes manzanilla con hueso Carrefour 500 g.,"2,59 €",,"5,18 €/kg",,La Despensa,Aperitivos,Aceitunas y Encurtidos,https://static.carrefour.es/hd_510x_/img_pim_food/488088_00_1.jpg
https://www.carrefour.es/supermercado/tinte-de-cabello-permanente-tono-9-rubio-claro-claro-llongueras-color-advance-1-ud/R-521008021/p,Tinte de cabello permanente tono 9 rubio claro claro Llongueras Color Advance 1 ud.,"7,59 €",,"7,59 €/ud",,Perfumería e Higiene,Cabello,Tinte,https://static.carrefour.es/hd_510x_/img_pim_food/028650_00_1.jpg
https://www.carrefour.es/supermercado/pan-tostado-vitalite-wasa-280-g/R-526517539/p,Pan tostado Vitalité Wasa 280 g.,"2,59 €",,"9,25 €/kg",,La Despensa,"Panaderia, Bollería y Pastelería","Pan tostado, Biscottes y Barritas",https://static.carrefour.es/hd_510x_/img_pim_food/282169_00_1.jpg
https://www.carrefour.es/supermercado/nuggets-de-proteina-de-guisante-y-trigo-green-cuisine-findus-250-g/R-VC4AECOMM-568911/p,Nuggets de proteína de guisante y trigo Green Cuisine Findus 250 g.,"4,75 €",,"19,00 €/kg",,La Despensa,"Conservas, Sopas y Precocinados",Croquetas y Rebozados,https://static.carrefour.es/hd_510x_/img_pim_food/568911_00_1.jpg
https://www.carrefour.es/supermercado/desodorante-en-spray-black-white-invisible-original-nivea-men-pack-de-2-unidades-de-200-ml/R-prod1070226/p,Desodorante en spray Black & White Invisible Original Nivea Men pack de 2 unidades de 200 ml.,"5,79 €",,"1,45 €/100ml",,Perfumería e Higiene,Baño e Higiene Corporal,Desodorantes,https://static.carrefour.es/hd_510x_/img_pim_food/130639_00_1.jpg
https://www.carrefour.es/supermercado/mascarilla-intensiva-violeta-matizadora-para-el-pelo-con-mechas-decolorado-rubio-o-gris-color-vive-loreal-elvive-250-ml/R-VC4AECOMM-443630/p,"Mascarilla intensiva violeta matizadora para el pelo con mechas, decolorado rubio o gris Color Vive L'Oréal Elvive 250 ml.","6,45 €",,"2,58 €/100ml",,Perfumería e Higiene,Cabello,Cuidado y Tratamientos del cabello,https://static.carrefour.es/hd_510x_/img_pim_food/443630_00_1.jpg
https://www.carrefour.es/supermercado/braguitas-para-incontinencia-de-orina-extra-seguridad-plus-talla-m-discreet-ausonia-9-ud/R-814300911/p,Braguitas para incontinencia de orina extra seguridad plus talla M Discreet Ausonia 9 ud.,"11,29 €",,"1,25 €/ud",,Perfumería e Higiene,Higiene íntima,Incontinencia,https://static.carrefour.es/hd_510x_/img_pim_food/940261_00_1.jpg
https://www.carrefour.es/supermercado/whisky-johnnie-walker-gold-label-reserva-70-cl/R-680901786/p,Johnnie Walker Gold Label Whisky,"53,90 €",,"77,00 €/l",,Bebidas,Alcoholes,Whisky y Bourbon,https://static.carrefour.es/hd_510x_/img_pim_food/057378_00_1.jpg
https://www.carrefour.es/supermercado/coloracion-permanente-sin-amoniaco-formula-vegana-tono-50-castano-cafe-good-garnier-1-ud/R-VC4AECOMM-156775/p,Coloración permanente sin amoniaco fórmula vegana tono 5.0 castaño café Good Garnier 1 ud.,"9,95 €",,"9,95 €/ud",,Perfumería e Higiene,Cabello,Tinte,https://static.carrefour.es/hd_510x_/img_pim_food/156775_00_1.jpg
https://www.carrefour.es/supermercado/jamon-cocido-extra-lonchas-finas-el-pozo-sin-gluten-115-g/R-VC4AECOMM-175771/p,Jamón Cocido extra lonchas finas El Pozo sin gluten 115 g,"1,25 €",,"10,87 €/kg",,Productos Frescos,Charcutería,Jamón Cocido y Lacón,https://static.carrefour.es/hd_510x_/img_pim_food/175771_00_1.jpg
https://www.carrefour.es/supermercado/solomillo-de-salmon-ahumado-carrefour-seleccion-150-g/R-fprod1180228/p,Solomillo de salmón ahumado Carrefour Selección 150 g.,"10,09 €",,"67,27 €/kg",,Productos Frescos,Pescadería,Ahumados y Huevas,https://static.carrefour.es/hd_510x_/img_pim_food/221034_00_1.jpg
https://www.carrefour.es/supermercado/cepillo-interproximinal-nano-interprox-6-ud/R-prod460064/p,Cepillo interproximinal nano Interprox 6 ud.,"5,09 €",,"0,85 €/ud",,Parafarmacia,Higiene Bucal,Cepillos y Seda,https://static.carrefour.es/hd_510x_/img_pim_food/826027_00_1.jpg
https://www.carrefour.es/supermercado/gambas-salvajes-peladas-crudas-ultracongeladas-carrefour-400-g/R-prod72159/p,Gambas salvajes peladas crudas ultracongeladas Carrefour 400 g.,"3,69 €",,"9,22 €/kg",,Congelados,Mariscos Congelados,,https://static.carrefour.es/hd_510x_/img_pim_food/124457_00_1.jpg
https://www.carrefour.es/supermercado/galletas-de-5-cereales-y-leche-carrefour-classic-400-g/R-prod63827/p,Galletas de 5 cereales y leche Carrefour Classic 400 g.,"1,75 €",,"4,37 €/kg",,La Despensa,Desayuno,Galletas,https://static.carrefour.es/hd_510x_/img_pim_food/199858_00_1.jpg
https://www.carrefour.es/supermercado/infusion-de-jengibre-con-curcuma-en-bolsitas-pompadour-20-ud/R-prod490390/p,Infusión de jengibre con cúrcuma en bolsitas Pompadour 20 ud.,"3,09 €",,"85,83 €/kg",,La Despensa,Desayuno,Infusiones y Tés,https://static.carrefour.es/hd_510x_/img_pim_food/831494_00_1.jpg
https://www.carrefour.es/supermercado/mini-berlinas-bombon-carrefour-5-ud/R-prod160156/p,Mini berlinas bombón Carrefour 5 ud,"1,55 €",,"0,31 €/ud",,Productos Frescos,Panadería Tradicional,Bollería Tradicional,https://static.carrefour.es/hd_510x_/img_pim_food/943342_00_1.jpg
https://www.carrefour.es/supermercado/filete-de-contramuslo-de-pollo-coren-600-g-aprox/R-526626990/p,Filete de contramuslo de pollo Coren 600 g aprox,"4,19 €",,"6,99 €/kg",,Productos Frescos,Carnicería,Aves y Pollo,https://static.carrefour.es/hd_510x_/img_pim_food/117751_00_1.jpg
https://www.carrefour.es/supermercado/vino-tinto-crianza-tempranillo-valderivero-do-ribera-del-duero-75-cl/R-VC4AECOMM-630653/p,Valderivero Crianza 2020,"9,35 €",,"9,35 €/ud",,Bebidas,Vinos,Tinto,https://static.carrefour.es/hd_510x_/img_pim_food/630653_00_1.jpg
https://www.carrefour.es/supermercado/queso-de-mezcla-tierno-carrefour-classic-365-g/R-VC4AECOMM-422017/p,Queso de mezcla tierno Carrefour Classic 365 g,"3,85 €",,"10,55 €/kg",,Productos Frescos,Quesos,Todos los Quesos,https://static.carrefour.es/hd_510x_/img_pim_food/422017_00_1.jpg
https://www.carrefour.es/supermercado/bifidus-desnatado-natural-edulcorado-danone-activia-pack-de-16-unidades-de-120-g/R-VC4AECOMM-543068/p,Bífidus desnatado natural edulcorado Danone Activia pack de 16 unidades de 120 g.,"6,29 €",,"3,28 €/kg",,La Despensa,Yogures y Postres,Yogures Desnatados,https://static.carrefour.es/hd_510x_/img_pim_food/543068_00_1.jpg
https://www.carrefour.es/supermercado/perlas-perfumadas-blue-fresh-detersolin-1-ud/R-VC4AECOMM-493221/p,Perlas perfumadas blue fresh Detersolin 1 ud.,"4,49 €",,"13,13 €/kg",,Limpieza y Hogar,Cuidado de la Ropa,Suavizantes,https://static.carrefour.es/hd_510x_/img_pim_food/493221_00_1.jpg
https://www.carrefour.es/supermercado/champu-fortificante-pure-fresh-agua-de-coco-para-raices-grasas-y-puntas-secas-garnier-fructis-360-ml/R-prod65197/p,Champú fortificante Pure Fresh Agua de Coco para raíces grasas y puntas secas Garnier-Fructis 360 ml.,"4,55 €",,"1,20 €/100ml",,Perfumería e Higiene,Cabello,Champús,https://static.carrefour.es/hd_510x_/img_pim_food/199515_00_1.jpg
https://www.carrefour.es/supermercado/aceite-de-girasol-carrefour-classic-1-l/R-521009768/p,Aceite de girasol Carrefour Classic' 1 l.,"1,48 €",,"1,48 €/l",,La Despensa,Alimentación,Aceites y vinagres,https://static.carrefour.es/hd_510x_/img_pim_food/277385_00_1.jpg
https://www.carrefour.es/supermercado/snack-para-gato-purina-felixparty-mix-oceano-60-g/R-720860883/p,Snack para gato Purina FelixParty Mix Oceano 60 g,"1,87 €",,"31,17 €/kg",,Mascotas,Gatos,Premios y Snacks,https://static.carrefour.es/hd_510x_/img_pim_food/214488_00_1.jpg
https://www.carrefour.es/supermercado/costilla-de-cerdo-iberico-carrefour-500-g-aprox/R-VC4AECOMM-517450/p,Costilla de cerdo ibérico Carrefour 500 g aprox,"4,94 €",,"9,89 €/kg",,Productos Frescos,Carnicería,Cerdo,https://static.carrefour.es/hd_510x_/img_pim_food/517450_00_1.jpg
https://www.carrefour.es/supermercado/filete-1-a-de-tapa-o-contra-de-anojo-circulo-de-calidad-550-g-aprox/R-prod1070084/p,Filete 1ª A de tapa o Contra de añojo Círculo de Calidad 550 g aprox,"9,76 €","7,12 €","17,75 €/kg","12,95 €/kg",Productos Frescos,Carnicería,Vacuno,https://static.carrefour.es/hd_510x_/img_pim_food/126666_00_1.jpg
https://www.carrefour.es/supermercado/estuche-de-paleta-de-cebo-iberica-50-raza-iberica-ibersierra-sin-gluten-y-sin-lactosa-3-sobres-de-60-g/R-VC4AECOMM-130767/p,Estuche de Paleta de Cebo Ibérica 50% Raza Ibérica IberSierra sin gluten y sin lactosa 3 sobres de 60 g,"11,19 €",,"62,17 €/kg",,Productos Frescos,Charcutería,Tablas y Surtidos,https://static.carrefour.es/hd_510x_/img_pim_food/130767_00_1.jpg
https://www.carrefour.es/supermercado/cepillo-interdental-ultra-fino-carrefour-5-ud/R-521000384/p,Cepillo interdental ultra fino Carrefour 5 ud.,"1,38 €",,"0,28 €/ud",,Perfumería e Higiene,Boca y Sonrisa,"Cepillos, Recambios y Accesorios",https://static.carrefour.es/hd_510x_/img_pim_food/680010_00_1.jpg
https://www.carrefour.es/supermercado/masa-de-hojaldre-carrefour-classic-230-g/R-663201866/p,Masa de hojaldre Carrefour Classic' 230 g.,"1,05 €",,"4,57 €/kg",,,,,https://static.carrefour.es/hd_510x_/img_pim_food/314788_00_1.jpg
https://www.carrefour.es/supermercado/queso-tierno-enrollado-minirolls-babybel-85-g/R-prod720449/p,Queso tierno enrollado Minirolls Babybel 85 g,"2,70 €",,"31,76 €/kg",,Productos Frescos,Quesos,Tierno,https://static.carrefour.es/hd_510x_/img_pim_food/853112_00_1.jpg
https://www.carrefour.es/supermercado/aceite-corporal-hidratante-de-argan-oilgo-natural-honey-300-ml/R-786411786/p,Aceite corporal hidratante de argán Oil&Go Natural Honey 300 ml.,"4,65 €",,"1,55 €/100ml",,Perfumería e Higiene,Cuidado y Protección Corporal,"Body Milk, Hidratación Bajo la Ducha",https://static.carrefour.es/hd_510x_/img_pim_food/869184_00_1.jpg
https://www.carrefour.es/supermercado/confitura-de-naranja-categoria-extra-light-carrefour-300-g/R-prod1030074/p,Confitura de naranja categoría extra light Carrefour 300 g.,"1,82 €",,"6,07 €/kg",,La Despensa,Dulce,"Mermeladas, Membrillos y Compotas",https://static.carrefour.es/hd_510x_/img_pim_food/111954_00_1.jpg
https://www.carrefour.es/supermercado/agua-de-perfume-para-mujer-les-cosmetiques-luna-100-ml/R-VC4AECOMM-602591/p,Agua de perfume para mujer Les Cosmetiques Luna 100 ml.,"6,75 €",,"6,75 €/100ml",,Perfumería e Higiene,Baño e Higiene Corporal,Colonias,https://static.carrefour.es/hd_510x_/img_pim_food/602591_00_1.jpg
https://www.carrefour.es/supermercado/patatas-chef-gourmet-mccain-500-g/R-fprod1320006/p,Patatas Chef Gourmet McCain 500 g.,"3,85 €",,"7,70 €/kg",,Congelados,Verduras Congeladas,,https://static.carrefour.es/hd_510x_/img_pim_food/334120_00_1.jpg
https://www.carrefour.es/supermercado/zumo-de-naranja-recien-exprimido-carrefour-1-l/R-prod840498/p,Zumo de naranja recién exprimido Carrefour 1 l,"6,25 €",,"6,25 €/l",,Productos Frescos,Frutas,Naranjas y otros cítricos,https://static.carrefour.es/hd_510x_/img_pim_food/444984_00_1.jpg
https://www.carrefour.es/supermercado/gel-wc-limpieza-total-frescor-pato-750-ml/R-521001280/p,Gel WC limpieza total frescor Pato 750 ml.,"3,29 €",,"4,39 €/l",,Limpieza y Hogar,Productos para Baño,WC,https://static.carrefour.es/hd_510x_/img_pim_food/000503_00_1.jpg
https://www.carrefour.es/supermercado/queso-de-cabra-madurado-graso-la-laguna-700-g/R-VC4AECOMM-666227/p,Queso de cabra madurado graso La Laguna 700 g,"11,35 €",,"16,21 €/kg",,Productos Frescos,Quesos,Todos los Quesos,https://static.carrefour.es/hd_510x_/img_pim_food/666227_00_1.jpg
https://www.carrefour.es/supermercado/azucar-moreno-de-cana-in-integral-classic-carrefour-1-kg/R-VC4AECOMM-181710/p,Azúcar moreno de caña in integral Classic´ Carrefour 1 kg.,"1,85 €",,"1,85 €/kg",,La Despensa,Desayuno,Azúcar y Edulcorantes,https://static.carrefour.es/hd_510x_/img_pim_food/181710_00_1.jpg
https://www.carrefour.es/supermercado/phoskitos-original-4-ud/R-521007303/p,Phoskitos Original 4 ud.,"2,99 €",,"18,69 €/kg",,La Despensa,"Panaderia, Bollería y Pastelería",Bollería,https://static.carrefour.es/hd_510x_/img_pim_food/020388_00_1.jpg
https://www.carrefour.es/supermercado/limpiador-de-bano-aroma-fresco-brillo-duradero-don-limpio-720-ml/R-VC4AECOMM-093019/p,Limpiador de baño aroma fresco brillo duradero Don Limpio 720 ml.,"4,25 €",,"5,90 €/l",,Limpieza y Hogar,Productos para Baño,Limpiadores Baño,https://static.carrefour.es/hd_510x_/img_pim_food/093019_00_1.jpg
https://www.carrefour.es/supermercado/sal-marina-fina-ecologica-ecocesta-1-kg/R-804987951/p,Sal marina fina ecológica Ecocesta 1 kg.,"1,91 €",,"1,91 €/kg",,La Despensa,Alimentación,Sales y Bicarbonatos,https://static.carrefour.es/hd_510x_/img_pim_food/918046_00_1.jpg
https://www.carrefour.es/supermercado/boquerones-en-aceite-de-oliva-virgen-extra-carrefour-extra-80-g/R-VC4AECOMM-497149/p,Boquerones en aceite de oliva virgen extra Carrefour Extra 80 g.,"3,59 €",,"44,87 €/kg",,La Despensa,"Conservas, Sopas y Precocinados",Conservas de Pescado y Marisco,https://static.carrefour.es/hd_510x_/img_pim_food/497149_00_1.jpg
https://www.carrefour.es/supermercado/galletas-maria-hojaldrada-classic-carrefour-sin-aceite-de-palma-600-g/R-812936351/p,Galletas María hojaldrada Classic Carrefour sin aceite de palma 600 g.,"2,19 €",,"3,65 €/kg",,La Despensa,Desayuno,Galletas,https://static.carrefour.es/hd_510x_/img_pim_food/929655_00_1.jpg
https://www.carrefour.es/supermercado/cereales-integrales-de-trigo-avena-y-quinoa-con-cacao-fitness-proteina-nestle-sin-azucar-anadido-310-g/R-VC4AECOMM-096914/p,"Cereales integrales de trigo, avena y quinoa con cacao Fitness Proteína Nestlé sin azúcar añadido 310 g.","3,89 €",,"12,55 €/kg",,La Despensa,Desayuno,Cereales,https://static.carrefour.es/hd_510x_/img_pim_food/096914_00_1.jpg
https://www.carrefour.es/supermercado/galleta-hojaldrada-cuetara-600-g/R-785981617/p,Galleta hojaldrada Cuétara 600 g.,"3,55 €",,"5,92 €/kg",,La Despensa,Desayuno,Galletas,https://static.carrefour.es/hd_510x_/img_pim_food/877387_00_1.jpg
https://www.carrefour.es/supermercado/tarrito-de-verduritas-con-pollo-desde-6-meses-hero-baby-buenas-noches-sin-gluten-pack-de-6-unidades-190-g/R-614101835/p,Tarrito de verduritas con pollo desde 6 meses Hero Baby Buenas Noches sin gluten pack de 6 unidades 190 g.,"9,39 €",,"7,83 €/kg",,Bebé,Alimentación infantil,Tarritos y Platos Preparados,https://static.carrefour.es/hd_510x_/img_pim_food/590524_00_1.jpg
https://www.carrefour.es/supermercado/vino-rosado-gran-feudo-do-navarra-75-cl/R-520662669/p,Gran Feudo,"5,15 €",,"5,15 €/ud",,Bebidas,Vinos,Rosado,https://static.carrefour.es/hd_510x_/img_pim_food/026520_00_1.jpg
https://www.carrefour.es/supermercado/mango-deshidratado-en-rodajas-ecologico-125-g/R-prod270840/p,Mango deshidratado en rodajas ecológico 125 g,"3,66 €",,"29,28 €/kg",,La Despensa,Aperitivos,Frutas Desecadas,https://static.carrefour.es/hd_510x_/img_pim_food/299870_00_1.jpg
https://www.carrefour.es/supermercado/bebida-de-naranja-y-mango-carrefour-classic-sin-azucar-anadido-brik-1-l/R-prod730768/p,Bebida de naranja y mango Carrefour Classic sin azúcar añadido brik 1 l.,"1,39 €",,"1,39 €/l",,Bebidas,Aguas y Zumos,Zumos no Refrigerados,https://static.carrefour.es/hd_510x_/img_pim_food/855123_00_1.jpg
https://www.carrefour.es/supermercado/tortillas-de-trigo-burritos-mexifoods-sin-aceite-de-palma-6-ud/R-prod300524/p,Tortillas de trigo Burritos Mexifoods sin aceite de palma 6 ud.,"2,69 €",,"7,27 €/kg",,La Despensa,"Conservas, Sopas y Precocinados","Tortillas, Empanadillas y Sandwiches",https://static.carrefour.es/hd_510x_/img_pim_food/351233_00_1.jpg
https://www.carrefour.es/supermercado/alubia-tipo-granja-classic-carrefour-500-g/R-VC4AECOMM-066374/p,Alubia tipo granja Classic Carrefour 500 g.,"3,09 €",,"6,18 €/kg",,La Despensa,Alimentación,Legumbres,https://static.carrefour.es/hd_510x_/img_pim_food/066374_00_1.jpg
https://www.carrefour.es/supermercado/noodels-en-nido-sensation-carrefour-250-g/R-VC4AECOMM-730866/p,Noodels en nido Sensation Carrefour 250 g.,"1,47 €",,"5,88 €/kg",,La Despensa,Alimentación,Pastas,https://static.carrefour.es/hd_510x_/img_pim_food/730866_00_1.jpg
https://www.carrefour.es/supermercado/pan-aleman-3-cereales-ecologico-sol-natural-500-g/R-VC4AECOMM-768583/p,Pan alemán 3 cereales ecológico Sol Natural 500 g.,"3,35 €",,"6,70 €/kg",,La Despensa,"Panaderia, Bollería y Pastelería",Especialidades de pan,https://static.carrefour.es/hd_510x_/img_pim_food/768583_00_1.jpg
https://www.carrefour.es/supermercado/cafe-latte-proteina-sin-azucar-anadido-mr-big-kaiku-sin-gluten-sin-lactosa-370-ml/R-VC4AECOMM-705214/p,Café latte proteína sin azúcar añadido Mr. Big Kaiku sin gluten sin lactosa 370 ml.,"2,69 €",,"7,27 €/l",,La Despensa,Lácteos,Listo para beber,https://static.carrefour.es/hd_510x_/img_pim_food/705214_00_1.jpg
https://www.carrefour.es/supermercado/patatas-cocida-y-pelada-huercasa-500-g/R-521032398/p,Patatas cocida y pelada Huercasa 500 g,"1,99 €",,"3,98 €/kg",,Productos Frescos,Verduras y hortalizas,Ensaladas y Verduras Preparadas,https://static.carrefour.es/hd_510x_/img_pim_food/495186_00_1.jpg
https://www.carrefour.es/supermercado/crema-facial-reafirmante-anti-flacidez-firm-lift-multi-correxion-roc-50-ml/R-VC4AECOMM-005544/p,Crema facial reafirmante anti-flacidez Firm + Lift Multi Correxion RoC 50 ml.,"32,90 €",,"65,80 €/100ml",,Parafarmacia,Cuidado e higiene facial,Cremas faciales,https://static.carrefour.es/hd_510x_/img_pim_food/005544_00_1.jpg
https://www.carrefour.es/supermercado/pargo-1-ud-de-1-kg-aprox/R-prod630074/p,Pargo 1 ud de 1 kg aprox,"11,95 €",,,,Productos Frescos,Pescadería,Pescado Fresco,https://static.carrefour.es/hd_510x_/img_pim_food/843302_00_1.jpg
https://www.carrefour.es/supermercado/jamon-de-bellota-iberico-100-raza-iberica-sanchez-romero-carvajal-pieza-de-7-kg-aprox/R-670002077/p,Jamón de Bellota Ibérico 100% Raza Ibérica Sánchez Romero Carvajal pieza de 7 kg aprox,"439,00 €",,"67,54 €/kg",,,,,https://static.carrefour.es/hd_510x_/img_pim_food/331777_00_1.jpg
https://www.carrefour.es/supermercado/chocolate-relleno-de-cheesecake-milka-300-g/R-fprod1420181/p,Chocolate relleno de cheesecake Milka 300 g.,"4,35 €",,"14,50 €/kg",,,,,https://static.carrefour.es/hd_510x_/img_pim_food/367812_00_1.jpg
https://www.carrefour.es/supermercado/queso-de-mezcla-semicurado-gran-capitan-pieza-de-475-g/R-VC4AECOMM-685486/p,Queso de mezcla semicurado Gran Capitán pieza de 475 g,"12,80 €",,"26,95 €/kg",,Productos Frescos,Quesos,Semicurado,https://static.carrefour.es/hd_510x_/img_pim_food/685486_00_1.jpg
https://www.carrefour.es/supermercado/medio-pollo-carrefour-el-mercado-1-kg-aprox/R-VC4AECOMM-497118/p,Medio Pollo Carrefour El Mercado 1 kg aprox,"3,84 €",,"3,49 €/kg",,Productos Frescos,Carnicería,Aves y Pollo,https://static.carrefour.es/hd_510x_/img_pim_food/497118_00_1.jpg
https://www.carrefour.es/supermercado/salmon-3-kg-aprox/R-531731258/p,Salmón 3 kg aprox,"32,67 €",,,,Productos Frescos,Pescadería,Pescado Fresco,https://static.carrefour.es/hd_510x_/img_pim_food/145070_00_1.jpg
https://www.carrefour.es/supermercado/palomitas-sabor-ketchup-y-mostaza-risi-sin-gluten-105-g/R-VC4AECOMM-203501/p,Palomitas sabor ketchup y mostaza Risi sin gluten 105 g.,"1,39 €",,"13,24 €/kg",,La Despensa,Aperitivos,Palomitas,https://static.carrefour.es/hd_510x_/img_pim_food/203501_00_1.jpg
https://www.carrefour.es/supermercado/vino-tinto-bobal-ecologico-catacrack-do-utiel-requena-75-cl/R-VC4AECOMM-286946/p,Catacrack Tinto 2023,"3,69 €",,"3,69 €/ud",,,,,https://static.carrefour.es/hd_510x_/img_pim_food/286946_00_1.jpg
https://www.carrefour.es/supermercado/salchichon-pavo-carrefour-sin-gluten-y-sin-lactosa-2x75-g/R-VC4AECOMM-469098/p,Salchichón pavo Carrefour sin gluten y sin lactosa 2x75 g,"2,55 €",,"17,00 €/kg",,Productos Frescos,Charcutería,"Salchichón, Salami y Fuet",https://static.carrefour.es/hd_510x_/img_pim_food/469098_00_1.jpg
https://www.carrefour.es/supermercado/desodorante-roll-on-antitranspirante-tropical-72h-advanced-protection-rexona-50-ml/R-VC4AECOMM-200080/p,Desodorante roll-on antitranspirante tropical 72h Advanced Protection Rexona 50 ml.,"2,65 €",,"5,30 €/100ml",,Perfumería e Higiene,Baño e Higiene Corporal,Desodorantes,https://static.carrefour.es/hd_510x_/img_pim_food/200080_00_1.jpg
https://www.carrefour.es/supermercado/mini-bombon-helado-gold-caramel-billionaire-double-magnum-6-ud/R-VC4AECOMM-632103/p,Mini bombón helado Gold Caramel Billionaire Double Magnum 6 ud.,"6,15 €",,"1,03 €/ud",,Congelados,Helados,Bombón Helado,https://static.carrefour.es/hd_510x_/img_pim_food/632103_00_1.jpg
https://www.carrefour.es/supermercado/pechuga-de-codorniz-circulo-de-calidad-180-g/R-608101381/p,Pechuga de codorniz Círculo de Calidad 180 g,"5,20 €",,"28,89 €/kg",,Productos Frescos,Carnicería,Aves y Pollo,https://static.carrefour.es/hd_510x_/img_pim_food/263220_00_1.jpg
https://www.carrefour.es/supermercado/mini-magdalena-pepitas-chocolate-carrefour-classic-270-g/R-VC4AECOMM-718763/p,Mini magdalena pepitas chocolate Carrefour Classic' 270 g.,"1,80 €",,"6,67 €/kg",,La Despensa,"Panaderia, Bollería y Pastelería",Bollería,https://static.carrefour.es/hd_510x_/img_pim_food/718763_00_1.jpg
https://www.carrefour.es/supermercado/recambio-para-mopa-extra-spontex-blanco/R-783909220/p,Recambio para Mopa Extra Spontex - Blanco,"6,65 €",,"6,65 €/ud",,Limpieza y Hogar,Utensilios de Limpieza,"Escobas, Mopas y Recogedores",https://static.carrefour.es/hd_510x_/img_pim_food/107891_00_1.jpg
https://www.carrefour.es/supermercado/comida-para-conejo-enano-vitakraft-1kg/R-530337235/p,Comida para conejo enano Vitakraft 1kg,"3,49 €",,"3,49 €/kg",,Mascotas,Conejos y roedores,Pienso para conejos y rodeores,https://static.carrefour.es/hd_510x_/img_pim_food/361912_00_1.jpg
https://www.carrefour.es/supermercado/serum-facial-brightening-niacinamide-niacinamida-dermocracy-30-ml/R-VC4AECOMM-365425/p,Serum facial brightening niacinamide + niacinamida Dermocracy 30 ml.,"13,75 €",,"45,83 €/100ml",,Perfumería e Higiene,Cosmética,Rostro,https://static.carrefour.es/hd_510x_/img_pim_food/365425_00_1.jpg
https://www.carrefour.es/supermercado/panales-banador-carrefour-baby-small-talla-4-7-13-kg-12-uds/R-521036801/p,Pañales Bañador Carrefour Baby Small Talla 4 (7-13 kg) 12 uds,"4,59 €",,"0,38 €/ud",,Bebé,Pañales y Toallitas,Bañadores,https://static.carrefour.es/hd_510x_/img_pim_food/797294_00_1.jpg
https://www.carrefour.es/supermercado/bolsas-de-congelacion-medianas-albal-40-ud/R-521001396/p,Bolsas de congelación medianas Albal 40 ud.,"3,45 €",,"0,09 €/ud",,Limpieza y Hogar,Conservación de Alimentos,Bolsas,https://static.carrefour.es/hd_510x_/img_pim_food/466089_00_1.jpg
https://www.carrefour.es/supermercado/cocktail-de-frutos-secos-san-blas-sin-gluten-500-g/R-798746405/p,Cocktail de frutos secos San Blas sin gluten 500 g.,"2,09 €",,"4,18 €/kg",,La Despensa,Aperitivos,Frutos Secos,https://static.carrefour.es/hd_510x_/img_pim_food/254627_00_1.jpg
https://www.carrefour.es/supermercado/helices-vegetales-ecologicas-gallo-450-g/R-VC4AECOMM-307151/p,Hélices vegetales ecológicas Gallo 450 g.,"2,39 €",,"5,31 €/kg",,La Despensa,Alimentación,Pastas,https://static.carrefour.es/hd_510x_/img_pim_food/307151_00_1.jpg
https://www.carrefour.es/supermercado/helado-de-fresa-carrefour-extra-sin-gluten-sin-lactosa-480-g/R-VC4AECOMM-414362/p,Helado de fresa Carrefour Extra sin gluten sin lactosa 480 g.,"4,59 €",,"9,56 €/kg",,Congelados,Helados,Tarrinas,https://static.carrefour.es/hd_510x_/img_pim_food/414362_00_1.jpg
https://www.carrefour.es/supermercado/bolsas-para-cubitos-de-hielo-xl-carrefour-10-ud/R-fprod1460577/p,Bolsas para cubitos de hielo XL Carrefour 10 ud.,"0,96 €",,"0,10 €/ud",,Limpieza y Hogar,Conservación de Alimentos,Bolsas,https://static.carrefour.es/hd_510x_/img_pim_food/403985_00_1.jpg
https://www.carrefour.es/supermercado/fijacion-para-cabello-en-spray-agua-de-mar-tenax-150-ml/R-VC4AECOMM-316060/p,Fijación para cabello en spray agua de mar Tenax 150 ml.,"7,29 €",,"4,86 €/100ml",,Perfumería e Higiene,Cabello,Fijadores,https://static.carrefour.es/hd_510x_/img_pim_food/316060_00_1.jpg
https://www.carrefour.es/supermercado/vino-tinto-reserva-carrizal-doca-rioja-75-cl/R-784000500/p,Vino tinto reserva Carrizal D.O.Ca Rioja 75 cl.,"6,35 €",,"6,35 €/ud",,Bebidas,Vinos,Tinto,https://static.carrefour.es/hd_510x_/img_pim_food/870985_00_1.jpg
https://www.carrefour.es/supermercado/agua-de-colonia-glicerina-y-te-blanco-heno-de-pravia-780-ml/R-543301716/p,Agua de colonia glicerina y té blanco Heno de Pravia 780 ml.,"5,05 €",,"0,65 €/100ml",,Perfumería e Higiene,Baño e Higiene Corporal,Colonias,https://static.carrefour.es/hd_510x_/img_pim_food/241196_00_1.jpg
https://www.carrefour.es/supermercado/natillas-con-galleta-entera-carrefour-pack-de-4-unidades-de-125-g/R-832342825/p,Natillas con galleta entera Carrefour pack de 4 unidades de 125 g.,"1,25 €",,"2,50 €/kg",,La Despensa,Yogures y Postres,"Natillas, Cremas y Copas",https://static.carrefour.es/hd_510x_/img_pim_food/967552_00_1.jpg
https://www.carrefour.es/supermercado/chocolate-con-leche-lindt-100-g/R-VC4AECOMM-423722/p,Chocolate con leche Lindt 100 g.,"1,95 €",,"19,50 €/kg",,La Despensa,Dulce,Bombones y Chocolates,https://static.carrefour.es/hd_510x_/img_pim_food/423722_00_1.jpg
https://www.carrefour.es/supermercado/bebida-de-soja-sin-azucar-anadido-carrefour-sin-gluten-brik-1-l/R-823818537/p,Bebida de soja sin azúcar añadido Carrefour sin gluten brik 1 l.,"0,75 €",,"0,75 €/l
- 4,50 €/6 uds.",,La Despensa,Lácteos,Bebida Vegetal,https://static.carrefour.es/hd_510x_/img_pim_food/955592_00_1.jpg
https://www.carrefour.es/supermercado/salchicha-hot-dog-campofrio-sin-gluten-sin-lactosa-1-kg/R-685011194/p,Salchicha Hot Dog Campofrío sin gluten sin lactosa 1 kg.,"4,35 €",,"4,35 €/kg",,Productos Frescos,Charcutería,Salchichas,https://static.carrefour.es/hd_510x_/img_pim_food/324900_00_1.jpg
https://www.carrefour.es/supermercado/dermocapillaire-champu-urea-eucerin-250-ml/R-682008092/p,Dermocapillaire champú urea Eucerin 250 ml.,"12,25 €",,"4,90 €/100ml",,Parafarmacia,Cabello,Otros Champús de Tratamiento,https://static.carrefour.es/hd_510x_/img_pim_food/068345_00_1.jpg
https://www.carrefour.es/supermercado/espuma-de-afeitar-con-aceite-de-almendras-para-piel-sensible-accion-x5-fusion-gillette-250-ml/R-VC4AECOMM-725182/p,Espuma de afeitar con aceite de almendras para piel sensible acción x5 Fusion Gillette 250 ml.,"5,15 €",,"2,06 €/100ml",,Perfumería e Higiene,Depilación y Afeitado,Afeitado,https://static.carrefour.es/hd_510x_/img_pim_food/725182_00_1.jpg
https://www.carrefour.es/supermercado/jamon-de-bellota-iberico-50-raza-iberica-ibersierra-pieza-de-7-kg-aprox/R-VC4AECOMM-612794/p,Jamón de Bellota Ibérico 50% Raza Ibérica IberSierra pieza de 7 kg aprox,"265,00 €",,"35,33 €/kg",,Productos Frescos,Charcutería,Jamón serrano e ibérico Pieza,https://static.carrefour.es/hd_510x_/img_pim_food/612794_00_1.jpg
https://www.carrefour.es/supermercado/cacahuete-cascara-tostado-sin-sal-carrefour-el-mercado-bolsa-de-250-g/R-prod1070721/p,Cacahuete cascara tostado sin sal Carrefour El Mercado bolsa de 250 g,"1,99 €",,"7,96 €/kg",,La Despensa,Aperitivos,Frutos Secos,https://static.carrefour.es/hd_510x_/img_pim_food/142376_00_1.jpg
https://www.carrefour.es/supermercado/lunas-extramini-doraemon-12-ud/R-fprod1320357/p,Lunas extramini Doraemon 12 ud.,"2,15 €",,"11,94 €/kg",,La Despensa,"Panaderia, Bollería y Pastelería",Bollería,https://static.carrefour.es/hd_510x_/img_pim_food/335404_00_1.jpg
https://www.carrefour.es/supermercado/desodorante-en-spray-dark-temptation-fresh-axe-150-ml/R-VC4AECOMM-672900/p,Desodorante en spray Dark Temptation Fresh Axe 150 ml.,"3,15 €",,"2,10 €/100ml",,Perfumería e Higiene,Baño e Higiene Corporal,Desodorantes,https://static.carrefour.es/hd_510x_/img_pim_food/672900_00_1.jpg
https://www.carrefour.es/supermercado/pipas-peladas-y-fritas-classic-carrefour-200-g/R-VC4AECOMM-729556/p,Pipas peladas y fritas Classic Carrefour 200 g.,"1,10 €",,"5,50 €/kg",,La Despensa,Aperitivos,Frutos Secos,https://static.carrefour.es/hd_510x_/img_pim_food/729556_00_1.jpg
https://www.carrefour.es/supermercado/almendras-crudas-carrefour-200-g/R-791843028/p,Almendras crudas Carrefour 200 g.,"2,25 €",,"11,25 €/kg",,La Despensa,Aperitivos,Frutos Secos,https://static.carrefour.es/hd_510x_/img_pim_food/888128_00_1.jpg
https://www.carrefour.es/supermercado/blanqueador-de-juntas-carrefour-250-ml/R-823705680/p,Blanqueador de juntas Carrefour 250 ml.,"3,09 €",,"12,36 €/l",,Limpieza y Hogar,Productos para Baño,Limpiajuntas,https://static.carrefour.es/hd_510x_/img_pim_food/958521_00_1.jpg
https://www.carrefour.es/supermercado/bolsita-de-manzana-platano-y-zanahoria-ecologico-hero-solo-sin-gluten-100-g/R-870200660/p,"Bolsita de manzana, plátano y zanahoria ecológico Hero Solo sin gluten 100 g.","1,59 €",,"15,90 €/kg",,Bebé,Alimentación infantil,"Postres, Zumos, Petit y Yogures Infantiles",https://static.carrefour.es/hd_510x_/img_pim_food/178361_00_1.jpg
https://www.carrefour.es/supermercado/salchichon-de-vic-ecologico-igp-pieza-embutidos-salgot-200-g/R-829217540/p,Salchichón de VIC ecológico I.G.P. pieza Embutidos Salgot 200 g,"12,59 €",,"57,23 €/kg",,Productos Frescos,Charcutería,"Salchichón, Salami y Fuet",https://static.carrefour.es/hd_510x_/img_pim_food/964269_00_1.jpg
https://www.carrefour.es/supermercado/desodorante-roll-on-antitranspirante-invisible-dry-proteccion-48h-advanced-care-dove-pack-de-2-unidades-de-50-ml/R-VC4AECOMM-195469/p,Desodorante roll-on antitranspirante invisible dry protección 48h Advanced Care Dove pack de 2 unidades de 50 ml.,"4,75 €",,"4,75 €/100ml",,Perfumería e Higiene,Baño e Higiene Corporal,Desodorantes,https://static.carrefour.es/hd_510x_/img_pim_food/195469_00_1.jpg
https://www.carrefour.es/supermercado/cafe-en-grano-mezcla-marcilla-gran-aroma-1-kg/R-526626912/p,Café en grano mezcla Marcilla Gran Aroma 1 kg.,"18,79 €",,"18,79 €/kg",,,,,https://static.carrefour.es/hd_510x_/img_pim_food/036479_00_1.jpg
https://www.carrefour.es/supermercado/empanadilla-barbacoa-3-ud/R-763300138/p,Empanadilla barbacoa 3 ud,"3,25 €",,"1,08 €/ud",,Productos Frescos,Panadería Tradicional,Empanadas y hojaldres,https://static.carrefour.es/hd_510x_/img_pim_food/665565_00_1.jpg
https://www.carrefour.es/supermercado/conos-con-helado-de-vainilla-extreme-nestle-6-ud/R-VC4AECOMM-458379/p,Conos con helado de vainilla Extrême Nestle 6 ud.,"5,25 €",,"0,87 €/ud",,Congelados,Helados,Conos,https://static.carrefour.es/hd_510x_/img_pim_food/458379_00_1.jpg
https://www.carrefour.es/supermercado/brocha-maquillaje-dytas-1-ud/R-VC4AECOMM-007978/p,Brocha maquillaje Dytas 1 ud.,"4,35 €",,"4,35 €/ud",,Perfumería e Higiene,Cosmética,Accesorios de Maquillaje y Manicura y Pedicura,https://static.carrefour.es/hd_510x_/img_pim_food/007978_00_1.jpg
https://www.carrefour.es/supermercado/caja-de-6-botellas-de-vino-tinto-crianza-otonal-do-ca-rioja-75-cl/R-668105679/p,Caja 6 Bot. Otoñal Tinto Crianza 2021,"32,10 €",,"32,10 €/ud",,,,,https://static.carrefour.es/hd_510x_/img_pim_food/328424_00_1.jpg
https://www.carrefour.es/supermercado/mango-deshidradato-trozos-carrefour-100-g/R-VC4AECOMM-483866/p,Mango deshidradato trozos Carrefour 100 g,"2,85 €",,"28,50 €/kg",,La Despensa,Aperitivos,Frutas Desecadas,https://static.carrefour.es/hd_510x_/img_pim_food/483866_00_1.jpg
https://www.carrefour.es/supermercado/bombon-helado-chocolate-con-leche-6-ud/R-590502786/p,Bombón helado chocolate con leche 6 ud.,"2,55 €",,"5,18 €/kg",,Congelados,Helados,Bombón Helado,https://static.carrefour.es/hd_510x_/img_pim_food/161790_00_1.jpg
https://www.carrefour.es/supermercado/suavizante-concentrado-azul-sublim-80-lavados/R-VC4AECOMM-507354/p,Suavizante concentrado azul Sublim 80 lavados.,"1,85 €",,"0,02 €/lavado",,Limpieza y Hogar,Cuidado de la Ropa,Suavizantes,https://static.carrefour.es/hd_510x_/img_pim_food/507354_00_1.jpg
https://www.carrefour.es/supermercado/langostino-marfil-16-24-carrefour-800-g/R-590505224/p,Langostino marfil 16/24 Carrefour 800 g.,"21,40 €",,"26,75 €/kg",,Congelados,Mariscos Congelados,,https://static.carrefour.es/hd_510x_/img_pim_food/287626_00_1.jpg
https://www.carrefour.es/supermercado/tapones-de-silicona-ototap-6-ud/R-619902591/p,Tapones de silicona Ototap 6 ud.,"3,95 €",,"0,66 €/ud",,Parafarmacia,Botiquín,Oído y Protectores,https://static.carrefour.es/hd_510x_/img_pim_food/688945_00_1.jpg
https://www.carrefour.es/supermercado/crema-facial-c-vit-sesderma-50-ml/R-590507932/p,Crema facial C-Vit Sesderma 50 ml.,"39,60 €",,"79,20 €/100ml",,Parafarmacia,Cuidado e higiene facial,Cremas faciales,https://static.carrefour.es/hd_510x_/img_pim_food/547077_00_1.jpg
https://www.carrefour.es/supermercado/gel-de-ducha-dark-temptation-axe-400-ml/R-589801644/p,Gel de ducha Dark Temptation Axe 400 ml.,"3,49 €",,"0,87 €/100ml",,Perfumería e Higiene,Baño e Higiene Corporal,Geles de Baño,https://static.carrefour.es/hd_510x_/img_pim_food/051321_00_1.jpg
https://www.carrefour.es/supermercado/pimiento-del-piquillo-entero-carrefour-225-g/R-526539373/p,Pimiento del piquillo entero Carrefour 225 g.,"1,19 €",,"5,29 €/kg",,La Despensa,"Conservas, Sopas y Precocinados",Conservas de Vegetales,https://static.carrefour.es/hd_510x_/img_pim_food/795124_00_1.jpg
https://www.carrefour.es/supermercado/desodorante-en-spray-antitranspirante-48h-invisible-blackwhite-rexona-pack-de-2-unidades-de-200-ml/R-prod1160090/p,Desodorante en spray antitranspirante 48h Invisible Black&White Rexona pack de 2 unidades de 200 ml.,"5,15 €",,"1,29 €/100ml",,Perfumería e Higiene,Baño e Higiene Corporal,Desodorantes,https://static.carrefour.es/hd_510x_/img_pim_food/205198_00_1.jpg
https://www.carrefour.es/supermercado/arroz-integral-para-microondas-ecologico-carrefour-bio-pack-de-2-unidades-de-125-g/R-VC4AECOMM-652640/p,Arroz integral para microondas ecológico Carrefour Bio pack de 2 unidades de 125 g.,"1,70 €",,"6,80 €/kg",,La Despensa,Alimentación,Arroz y Cous Cous,https://static.carrefour.es/hd_510x_/img_pim_food/652640_00_1.jpg
https://www.carrefour.es/supermercado/placas-para-canelones-gallo-160-g/R-836507219/p,Placas para canelones Gallo 160 g.,"0,98 €",,"5,94 €/kg",,La Despensa,Alimentación,Pastas,https://static.carrefour.es/hd_510x_/img_pim_food/973416_00_1.jpg
https://www.carrefour.es/supermercado/cereales-crunch-weetabix-450-g/R-prod590885/p,Cereales Crunch Weetabix 450 g.,"4,25 €",,"9,44 €/kg",,La Despensa,Desayuno,Cereales,https://static.carrefour.es/hd_510x_/img_pim_food/840482_00_1.jpg
https://www.carrefour.es/supermercado/juguete-robot-vaca-para-perro-kimbo/R-VC4AECOMM-447708/p,Juguete Robot Vaca para Perro Kimbo,"6,15 €",,"6,15 €/ud",,Mascotas,Perros,Juguetes,https://static.carrefour.es/hd_510x_/img_pim_food/447708_00_1.jpg
https://www.carrefour.es/supermercado/agua-de-colonia-barbie-body-spray-200-ml/R-684304069/p,Agua de colonia Barbie body spray 200 ml.,"7,35 €",,"3,67 €/100ml",,Perfumería e Higiene,Baño e Higiene Corporal,Colonias,https://static.carrefour.es/hd_510x_/img_pim_food/072757_00_1.jpg
https://www.carrefour.es/supermercado/tarta-helada-romantica-carte-dor-550-g/R-prod63094/p,Tarta helada Romantica Carte D'or 550 g.,"11,59 €",,"21,27 €/kg",,Congelados,Helados,Tartas Heladas,https://static.carrefour.es/hd_510x_/img_pim_food/191948_00_1.jpg
https://www.carrefour.es/supermercado/maquinilla-de-afeitar-mach-3-gillette-recambios-3-ud/R-527030530/p,Maquinilla de Afeitar Mach 3 Gillette + Recambios 3 ud.,"12,09 €",,"12,09 €/ud",,Perfumería e Higiene,Depilación y Afeitado,Afeitado,https://static.carrefour.es/hd_510x_/img_pim_food/104152_00_1.jpg
https://www.carrefour.es/supermercado/mostaza-dulce-con-miel-prima-sin-gluten-envase-285-g/R-739601725/p,Mostaza dulce con miel Prima sin gluten envase 285 g.,"2,15 €",,"7,54 €/kg",,La Despensa,Alimentación,Salsas y Tomate Frito,https://static.carrefour.es/hd_510x_/img_pim_food/711551_00_1.jpg
https://www.carrefour.es/supermercado/espumoso-infantil-sin-alcohol-peppa-pig-sin-gluten-75-cl/R-VC4AECOMM-183983/p,Espumoso infantil sin alcohol Peppa Pig sin gluten 75 cl.,"3,99 €",,"3,99 €/ud",,,,,https://static.carrefour.es/hd_510x_/img_pim_food/183983_00_1.jpg
https://www.carrefour.es/supermercado/sandwich-sabor-yogur-con-cereales-integrales-zero-gullon-sin-azucar-anadido-220-g/R-794609685/p,Sándwich sabor yogur con cereales integrales Zero Gullón sin azúcar añadido 220 g.,"3,05 €",,"13,86 €/kg",,La Despensa,Desayuno,Galletas,https://static.carrefour.es/hd_510x_/img_pim_food/894824_00_1.jpg
https://www.carrefour.es/supermercado/surtido-de-aceitunas-aperitivo-500-g/R-prod280409/p,Surtido de aceitunas Aperitivo 500 g,"4,07 €",,"8,14 €/kg",,La Despensa,Aperitivos,Aceitunas y Encurtidos,https://static.carrefour.es/hd_510x_/img_pim_food/340334_00_1.jpg
https://www.carrefour.es/supermercado/toallitas-refrescamtes-para-manos-perfume-limon-brevia-12-ud/R-745602190/p,Toallitas refrescamtes para manos perfume limón Brevia 12 ud.,"1,68 €",,"0,14 €/ud",,Limpieza y Hogar,Papel y Celulosa,Pañuelos,https://static.carrefour.es/hd_510x_/img_pim_food/746381_00_1.jpg
https://www.carrefour.es/supermercado/agua-de-colonia-n-26-floriental-amaderada-para-mujer-caravan-150-ml/R-808554973/p,Agua de colonia nº 26 Floriental amaderada para mujer Caravan 150 ml.,"10,89 €",,"7,26 €/100ml",,Perfumería e Higiene,Baño e Higiene Corporal,Colonias,https://static.carrefour.es/hd_510x_/img_pim_food/887532_00_1.jpg
https://www.carrefour.es/supermercado/sandwich-choco-cookie-con-helado-de-chocolate-extra-carrefour-4-ud/R-VC4AECOMM-466237/p,Sándwich choco cookie con helado de chocolate Extra Carrefour 4 ud.,"2,79 €",,"0,70 €/ud",,Congelados,Helados,Sandwiches,https://static.carrefour.es/hd_510x_/img_pim_food/466237_00_1.jpg
https://www.carrefour.es/supermercado/aceite-de-oliva-virgen-extra-carbonell-200-ml/R-849900353/p,Aceite de oliva virgen extra Carbonell 200 ml.,"4,64 €",,"23,20 €/l",,La Despensa,Alimentación,Aceites y vinagres,https://static.carrefour.es/hd_510x_/img_pim_food/027885_00_1.jpg
https://www.carrefour.es/supermercado/don-simon-te-frio-sabor-melocoton-sin-calorias-cero-calorias-lata-33-cl/R-VC4AECOMM-405061/p,Don simón té frío sabor melocotón sin calorías cero calorías lata 33 cl.,"0,64 €",,"1,94 €/l",,Bebidas,Refrescos,Té,https://static.carrefour.es/hd_510x_/img_pim_food/405061_00_1.jpg
https://www.carrefour.es/supermercado/salchichon-extra-en-lonchas-extrafinas-carrefour-el-mercado-sin-gluten-100-g/R-VC4AECOMM-164444/p,Salchichón extra en lonchas extrafinas Carrefour El Mercado sin gluten 100 g,"3,49 €",,"34,90 €/kg",,Productos Frescos,Charcutería,"Salchichón, Salami y Fuet",https://static.carrefour.es/hd_510x_/img_pim_food/164444_00_1.jpg
https://www.carrefour.es/supermercado/tarta-crocante-de-chocolate-800-g/R-fprod1260345/p,Tarta crocante de chocolate 800 g,"9,99 €",,"12,49 €/kg",,Productos Frescos,Panadería Tradicional,Pastelería y Repostería,https://static.carrefour.es/hd_510x_/img_pim_food/323101_00_1.jpg
https://www.carrefour.es/supermercado/cepillo-de-dientes-medio-cuidado-de-ortodoncia-carrefour-soft-1-ud/R-VC4AECOMM-482040/p,Cepillo de dientes medio cuidado de ortodoncia Carrefour Soft 1 ud.,"1,99 €",,"1,99 €/ud",,Perfumería e Higiene,Boca y Sonrisa,"Cepillos, Recambios y Accesorios",https://static.carrefour.es/hd_510x_/img_pim_food/482040_00_1.jpg
https://www.carrefour.es/supermercado/bifidus-natural-danone-activia-pack-de-8-unidades-de-120-g/R-521029549/p,Bífidus natural Danone Activia pack de 8 unidades de 120 g.,"3,59 €",,"3,74 €/kg",,La Despensa,Yogures y Postres,Bífidus,https://static.carrefour.es/hd_510x_/img_pim_food/534069_00_1.jpg
https://www.carrefour.es/supermercado/bebida-espirituosa-con-tequila-regidor-70-cl/R-VC4AECOMM-083354/p,Bebida Espirituosa con tequila Regidor 70 cl.,"8,25 €",,"117,86 €/l",,,,,https://static.carrefour.es/hd_510x_/img_pim_food/083354_00_1.jpg
https://www.carrefour.es/supermercado/pizza-speciale-casa-di-mama-dr-oetker-415-g/R-VC4AECOMM-000367/p,Pizza speciale Casa di Mama Dr. Oetker 415 g,"4,99 €",,"12,02 €/kg",,Congelados,Pizzas Congeladas,,https://static.carrefour.es/hd_510x_/img_pim_food/000367_00_1.jpg
https://www.carrefour.es/supermercado/pan-hamburguesa-maxi-burguer-bimbo-4-ud/R-521007178/p,Pan hamburguesa Maxi Burguer Bimbo 4 ud.,"2,39 €",,"7,97 €/kg",,La Despensa,"Panaderia, Bollería y Pastelería",Pan Perrito y Burguer,https://static.carrefour.es/hd_510x_/img_pim_food/018584_00_1.jpg
https://www.carrefour.es/supermercado/queso-fundido-en-lonchas-carrefour-555-g/R-VC4AECOMM-110231/p,Queso Fundido en Lonchas Carrefour 555 g.,"2,25 €",,"4,05 €/kg",,Productos Frescos,Quesos,Todos los Quesos,https://static.carrefour.es/hd_510x_/img_pim_food/110231_00_1.jpg
https://www.carrefour.es/supermercado/aperitivo-de-maiz-sabor-queso-gublins-grefusa-124-g/R-VC4AECOMM-653185/p,Aperitivo de maíz sabor queso Gublins Grefusa 124 g.,"1,66 €",,"13,39 €/kg",,La Despensa,Aperitivos,Snacks,https://static.carrefour.es/hd_510x_/img_pim_food/653185_00_1.jpg
https://www.carrefour.es/supermercado/cocktail-de-encurtidos-classic-carrefour-500-g/R-prod780061/p,Cocktail de encurtidos Classic Carrefour 500 g.,"3,69 €",,"7,38 €/kg",,La Despensa,Aperitivos,Aceitunas y Encurtidos,https://static.carrefour.es/hd_510x_/img_pim_food/863640_00_1.jpg
https://www.carrefour.es/supermercado/tarta-infantil-1-kg/R-VC4AECOMM-469180/p,Tarta infantil 1 kg,"14,89 €",,"14,89 €/kg",,Productos Frescos,Panadería Tradicional,Pastelería y Repostería,https://static.carrefour.es/hd_510x_/img_pim_food/469180_00_1.jpg
https://www.carrefour.es/supermercado/garbanzo-castellano-categoria-extra-de-nuestra-tierra-1-kg/R-521005463/p,Garbanzo castellano categoría extra De Nuestra Tierra 1 kg.,"3,75 €",,"3,75 €/kg",,La Despensa,Alimentación,Legumbres,https://static.carrefour.es/hd_510x_/img_pim_food/226665_00_1.jpg
https://www.carrefour.es/supermercado/tabla-de-quesos-imperial-millan-vicente-250-g/R-VC4AECOMM-279431/p,Tabla de quesos imperial Millán Vicente 250 g.,"4,89 €",,"4,89 €/ud",,Productos Frescos,Quesos,Tablas de quesos,https://static.carrefour.es/hd_510x_/img_pim_food/279431_00_1.jpg
https://www.carrefour.es/supermercado/calabaza-troceada-ecologica-carrefour-bio-400-g/R-prod1000622/p,Calabaza troceada ecológica Carrefour Bio 400 g,"2,03 €","1,79 €","5,07 €/kg","4,47 €/kg",Productos Frescos,Verduras y hortalizas,Hortalizas,https://static.carrefour.es/hd_510x_/img_pim_food/082121_00_1.jpg
https://www.carrefour.es/supermercado/mejillon-pasteurizado-fresco-cocido-ecologico-carrefour-bio-800-g/R-fprod1360064/p,Mejillón pasteurizado fresco cocido ecológico Carrefour Bio 800 g,"4,69 €",,"5,86 €/kg",,Productos Frescos,Pescadería,"Marisco, Almejas y Mejillones",https://static.carrefour.es/hd_510x_/img_pim_food/339569_00_1.jpg
https://www.carrefour.es/supermercado/plantillas-confort-efecto-memoria-dytas-1-par/R-VC4AECOMM-701728/p,Plantillas confort efecto memoria Dytas 1 par.,"5,05 €",,"2,52 €/ud",,Limpieza y Hogar,Calzado,Plantillas de Calzado,https://static.carrefour.es/hd_510x_/img_pim_food/701728_00_1.jpg
https://www.carrefour.es/supermercado/galletas-maria-dorada-gullon-pack-de-3-unidades-de-200-g/R-521002690/p,Galletas María dorada Gullón pack de 3 unidades de 200 g.,"2,25 €",,"3,75 €/kg",,La Despensa,Desayuno,Galletas,https://static.carrefour.es/hd_510x_/img_pim_food/483190_00_1.jpg
https://www.carrefour.es/supermercado/esponja-de-bano-con-fibras-naturales-calypso-1-ud/R-522714318/p,Esponja de baño con fibras naturales Calypso 1 ud.,"2,25 €",,"2,25 €/ud",,Perfumería e Higiene,Baño e Higiene Corporal,"Esponjas, Manoplas y Cepillos de Baño",https://static.carrefour.es/hd_510x_/img_pim_food/555301_00_1.jpg
https://www.carrefour.es/supermercado/quitamanchas-gel-accion-total-turbo-oxy-blanco-puro-neutrex-262-l/R-VC4AECOMM-100065/p,"Quitamanchas gel acción total turbo Oxy Blanco Puro Neutrex 2,62 l.","8,99 €",,"3,43 €/l",,Limpieza y Hogar,Cuidado de la Ropa,Aditivos y quitamanchas,https://static.carrefour.es/hd_510x_/img_pim_food/100065_00_1.jpg
https://www.carrefour.es/supermercado/cereales-con-frutos-rojos-stylesse-carrefour-500-g/R-697301892/p,Cereales con frutos rojos Stylesse Carrefour 500 g.,"3,25 €",,"6,50 €/kg",,La Despensa,Desayuno,Cereales,https://static.carrefour.es/hd_510x_/img_pim_food/097956_00_1.jpg
https://www.carrefour.es/supermercado/lenteja-roja-la-cochura-500-g/R-859100666/p,Lenteja roja La Cochura 500 g.,"1,97 €",,"3,94 €/kg",,La Despensa,Alimentación,Legumbres,https://static.carrefour.es/hd_510x_/img_pim_food/971771_00_1.jpg
https://www.carrefour.es/supermercado/aceite-de-oliva-virgen-extra-arbequina-dcoop-1-l/R-VC4AECOMM-442670/p,Aceite de oliva virgen extra arbequina Dcoop 1 l.,"14,57 €",,"14,57 €/l",,La Despensa,Alimentación,Aceites y vinagres,https://static.carrefour.es/hd_510x_/img_pim_food/442670_00_1.jpg
https://www.carrefour.es/supermercado/porras-fritas-congeladas-carrefour-original-250-g/R-VC4AECOMM-154180/p,Porras fritas congeladas Carrefour Original 250 g.,"1,99 €",,"7,96 €/kg",,La Despensa,"Conservas, Sopas y Precocinados",Masa Fresca y Bases,https://static.carrefour.es/hd_510x_/img_pim_food/154180_00_1.jpg
https://www.carrefour.es/supermercado/pinones-carrefour-el-mercado-tarrina-de-90-g/R-prod1070709/p,Piñones Carrefour El Mercado tarrina de 90 g,"10,19 €",,"113,22 €/kg",,La Despensa,Aperitivos,Frutos Secos,https://static.carrefour.es/hd_510x_/img_pim_food/142302_00_1.jpg
https://www.carrefour.es/supermercado/tiras-transparentes-soft-carrefour-30-ud/R-VC4AECOMM-147863/p,Tiras transparentes Soft Carrefour 30 ud.,"1,81 €",,"0,06 €/ud",,Parafarmacia,Botiquín,Apósitos y Gasas,https://static.carrefour.es/hd_510x_/img_pim_food/147863_00_1.jpg
https://www.carrefour.es/supermercado/aceite-de-oliva-extra-suave-carbonell-1-l/R-VC4AECOMM-351267/p,Aceite de oliva extra suave Carbonell 1 l.,"10,69 €",,"10,69 €/l",,La Despensa,Alimentación,Aceites y vinagres,https://static.carrefour.es/hd_510x_/img_pim_food/351267_00_1.jpg
https://www.carrefour.es/supermercado/champu-anticaspa-menthol-fresh-hs-1000-ml/R-VC4AECOMM-336898/p,Champú anticaspa menthol fresh H&S 1000 ml.,"14,09 €",,"1,41 €/100ml",,Perfumería e Higiene,Cabello,Champús,https://static.carrefour.es/hd_510x_/img_pim_food/336898_00_1.jpg
https://www.carrefour.es/supermercado/crema-de-verduras-carrefour-original-350-ml/R-VC4AECOMM-114181/p,Crema de verduras Carrefour Original 350 ml.,"1,55 €",,"4,43 €/kg",,La Despensa,"Conservas, Sopas y Precocinados","Caldos, Sopas y Pure",https://static.carrefour.es/hd_510x_/img_pim_food/114181_00_1.jpg
https://www.carrefour.es/supermercado/bombon-helado-de-coco-con-mango-de-la-india-nuii-sin-gluten-3-ud/R-VC4AECOMM-458298/p,Bombón helado de coco con mango de la India Nuii sin gluten 3 ud.,"5,39 €",,"1,80 €/ud",,Congelados,Helados,Bombón Helado,https://static.carrefour.es/hd_510x_/img_pim_food/458298_00_1.jpg
https://www.carrefour.es/supermercado/zumo-de-uva-roja-ecologico-delizum-botella-1-l/R-590214039/p,Zumo de uva roja ecológico Delizum botella 1 l.,"3,45 €",,"3,45 €/l",,Bebidas,Aguas y Zumos,Zumos no Refrigerados,https://static.carrefour.es/hd_510x_/img_pim_food/611035_00_1.jpg
https://www.carrefour.es/supermercado/bolsas-de-basura-resistente-y-eco-100-reciclado-handy-bag-20l-15-ud/R-VC4AECOMM-800904/p,Bolsas de Basura Resistente y Eco 100% Reciclado HANDY BAG 20L 15 ud,"3,69 €",,"0,25 €/ud",,Limpieza y Hogar,Utensilios de Limpieza,Bolsas de Basura,https://static.carrefour.es/hd_510x_/img_pim_food/800904_00_1.jpg
https://www.carrefour.es/supermercado/comida-humeda-salmon-y-atun-para-gato-adulto-gourmet-perle-delight-delicias-4x85-g/R-prod720102/p,Comida húmeda salmón y atún para gato adulto Gourmet Perle Delight Delicias 4x85 g.,"3,29 €",,"9,68 €/kg",,Mascotas,Gatos,Pienso para gatos,https://static.carrefour.es/hd_510x_/img_pim_food/851678_00_1.jpg
https://www.carrefour.es/supermercado/sal-marina-gruesa-para-cocinar-a-la-sal-carrefour-classic-25-kg/R-521005134/p,"Sal marina gruesa para cocinar a la sal Carrefour Classic' 2,5 kg.","1,38 €",,"0,55 €/kg",,La Despensa,Alimentación,Sales y Bicarbonatos,https://static.carrefour.es/hd_510x_/img_pim_food/234946_00_1.jpg
https://www.carrefour.es/supermercado/snacks-de-chifles-picantes-tortolines-100-g/R-VC4AECOMM-683987/p,Snacks de chifles picantes Tortolines 100 g.,"1,57 €",,"15,70 €/kg",,La Despensa,Aperitivos,Snacks,https://static.carrefour.es/hd_510x_/img_pim_food/683987_00_1.jpg
https://www.carrefour.es/supermercado/gel-para-lavavajillas-antigrasa-oro-somat-pack-de-2-unidades-de-50-lavados/R-prod380320/p,Gel para lavavajillas antigrasa Oro Somat pack de 2 unidades de 50 lavados.,"18,89 €",,"0,19 €/lavado",,Limpieza y Hogar,Productos para Cocina,Lavavajillas a máquina,https://static.carrefour.es/hd_510x_/img_pim_food/448391_00_1.jpg
https://www.carrefour.es/supermercado/mojama-de-solomillos-de-atun-carrefour-el-mercado-200-g/R-prod690101/p,Mojama de solomillos de atún Carrefour El Mercado 200 g,"5,45 €",,"27,25 €/kg",,Productos Frescos,Pescadería,Ahumados y Huevas,https://static.carrefour.es/hd_510x_/img_pim_food/847330_00_1.jpg
https://www.carrefour.es/supermercado/yogur-liquido-desnatado-pro-sabor-platano-sin-azucar-anadido-lindahls-sin-gluten-y-sin-lactosa-344-g/R-VC4AECOMM-213045/p,Yogur liquido desnatado pro+ sabor plátano sin azúcar añadido Lindahls sin gluten y sin lactosa 344 g.,"2,29 €",,"6,66 €/kg",,La Despensa,Yogures y Postres,Proteína,https://static.carrefour.es/hd_510x_/img_pim_food/213045_00_1.jpg
https://www.carrefour.es/supermercado/colgador-wc-gel-brillante-todo-en-1-frescor-de-primavera-bref-2-ud/R-VC4AECOMM-341390/p,Colgador WC gel brillante Todo en 1 frescor de primavera Bref 2 ud.,"3,79 €",,"45,12 €/kg",,Limpieza y Hogar,Productos para Baño,WC,https://static.carrefour.es/hd_510x_/img_pim_food/341390_00_1.jpg
https://www.carrefour.es/supermercado/leche-corporal-reparadora-lactourea-para-piel-muy-seca-lactovit-400-ml/R-542002309/p,Leche corporal reparadora lactourea para piel muy seca Lactovit 400 ml.,"5,39 €",,"1,35 €/100ml",,Perfumería e Higiene,Cuidado y Protección Corporal,"Body Milk, Hidratación Bajo la Ducha",https://static.carrefour.es/hd_510x_/img_pim_food/188677_00_1.jpg
https://www.carrefour.es/supermercado/cafe-molido-natural-descafeinado-carrefour-500-g/R-VC4AECOMM-484098/p,Café molido natural descafeinado Carrefour 500 g.,"4,45 €",,"8,90 €/kg",,La Despensa,Desayuno,Cafés,https://static.carrefour.es/hd_510x_/img_pim_food/484098_00_1.jpg
https://www.carrefour.es/supermercado/enjuague-bucal-multi-action-carrefour-soft-1-l/R-VC4AECOMM-604826/p,Enjuague bucal multi action Carrefour Soft 1 l.,"2,55 €",,"0,25 €/100ml",,Perfumería e Higiene,Boca y Sonrisa,Enjuagues Bucales,https://static.carrefour.es/hd_510x_/img_pim_food/604826_00_1.jpg
https://www.carrefour.es/supermercado/monster-energy-green-bebida-energetica-lata-50-cl/R-526600642/p,Monster Energy Green Bebida Energética lata 50 cl.,"1,79 €",,"3,58 €/l",,Bebidas,Refrescos,Energéticas,https://static.carrefour.es/hd_510x_/img_pim_food/123190_00_1.jpg
https://www.carrefour.es/supermercado/natillas-de-galleta-carrefour-pack-de-4-unidades-de-125-g/R-prod75693/p,Natillas de galleta Carrefour pack de 4 unidades de 125 g.,"1,05 €",,"2,10 €/kg",,La Despensa,Yogures y Postres,"Natillas, Cremas y Copas",https://static.carrefour.es/hd_510x_/img_pim_food/213030_00_1.jpg
https://www.carrefour.es/supermercado/pimienta-negra-molida-ecologica-carrefour-bio-38-g/R-530913240/p,Pimienta negra molida ecológica Carrefour Bio 38 g.,"2,35 €",,"61,84 €/kg",,La Despensa,Alimentación,Especias y Sazonadores,https://static.carrefour.es/hd_510x_/img_pim_food/496586_00_1.jpg
https://www.carrefour.es/supermercado/pasta-plumas-rayadas-integrales-gallo-nature-450-g/R-VC4AECOMM-577976/p,Pasta plumas rayadas integrales Gallo Nature 450 g.,"1,99 €",,"4,42 €/kg",,La Despensa,Alimentación,Pastas,https://static.carrefour.es/hd_510x_/img_pim_food/577976_00_1.jpg
https://www.carrefour.es/supermercado/pants-para-incontinencia-medium-noche-absodys-carrefour-14-ud/R-758202670/p,Pants para incontinencia medium noche Absodys Carrefour 14 ud.,"10,79 €",,"0,77 €/ud",,Perfumería e Higiene,Higiene íntima,Incontinencia,https://static.carrefour.es/hd_510x_/img_pim_food/767108_00_1.jpg
https://www.carrefour.es/supermercado/pollo-campero-limpio-circulo-de-calidad-18-kg-aprox/R-prod460411/p,"Pollo campero limpio Círculo de Calidad 1,8 kg aprox","12,04 €",,"6,69 €/kg",,Productos Frescos,Carnicería,Aves y Pollo,https://static.carrefour.es/hd_510x_/img_pim_food/826990_00_1.jpg
https://www.carrefour.es/supermercado/suavizante-concentrado-talco-carrefour-80-lavados/R-prod580050/p,Suavizante concentrado talco Carrefour 80 lavados.,"1,65 €",,"0,02 €/lavado",,Limpieza y Hogar,Cuidado de la Ropa,Suavizantes,https://static.carrefour.es/hd_510x_/img_pim_food/837609_00_1.jpg
https://www.carrefour.es/supermercado/nuggets-vegetal-sensation-carrefour-275-g/R-VC4AECOMM-010394/p,Nuggets vegetal Sensation Carrefour 275 g.,"3,39 €",,"12,33 €/kg",,Congelados,Rebozados y Platos Preparados,,https://static.carrefour.es/hd_510x_/img_pim_food/010394_00_1.jpg
https://www.carrefour.es/supermercado/pienso-de-atun-salmon-cereales-y-verdura-para-gato-adulto-brekkies-excel-900-g/R-VC4AECOMM-352683/p,"Pienso de atún, salmón cereales y verdura para gato adulto Brekkies Excel 900 g","4,25 €",,"4,72 €/kg",,Mascotas,Gatos,Pienso para gatos,https://static.carrefour.es/hd_510x_/img_pim_food/352683_00_1.jpg
https://www.carrefour.es/supermercado/cepillo-de-dientes-infantil-con-luz-temporizador-3-anos-soft-carrefour-1-ud/R-fprod1460488/p,Cepillo de dientes infantil con luz temporizador +3 años Soft Carrefour 1 ud.,"3,15 €",,"3,15 €/ud",,Perfumería e Higiene,Boca y Sonrisa,"Cepillos, Recambios y Accesorios",https://static.carrefour.es/hd_510x_/img_pim_food/400761_00_1.jpg
https://www.carrefour.es/supermercado/disco-desmaqcuadface-crf-80u/R-521010800/p,DISCO DESMAQ.CUAD.FACE CRF 80U,"1,24 €",,"0,02 €/ud",,Perfumería e Higiene,Cuidado y Protección Corporal,Limpieza Facial,https://static.carrefour.es/hd_510x_/img_pim_food/244533_00_1.jpg
https://www.carrefour.es/supermercado/preparado-lacteo-infantil-de-crecimiento-de-12-a-36-meses-puleva-peques-3-sin-gluten-y-sin-lactosa-y-sin-azucar-anadido-brik-1-l/R-521028708/p,Preparado lácteo infantil de crecimiento de 12 a 36 meses Puleva Peques 3 sin gluten y sin lactosa y sin azúcar añadido brik 1 l.,"1,89 €",,"1,89 €/l",,Bebé,Alimentación infantil,Leches Infantiles,https://static.carrefour.es/hd_510x_/img_pim_food/575835_00_1.jpg
https://www.carrefour.es/supermercado/lubina-600-g-aprox/R-790212148/p,Lubina 600 g aprox,"4,95 €",,,,Productos Frescos,Pescadería,Pescado Fresco,https://static.carrefour.es/hd_510x_/img_pim_food/301585_00_1.jpg
https://www.carrefour.es/supermercado/caramelos-de-goma-funky-mix-haribo-275-g/R-621101709/p,Caramelos de goma Funky Mix Haribo 275 g.,"3,55 €",,"14,20 €/kg",,La Despensa,Dulce,Dulces y Golosinas,https://static.carrefour.es/hd_510x_/img_pim_food/703536_00_1.jpg
https://www.carrefour.es/supermercado/cafe-soluble-descafeinado-la-estrella-200-g/R-538001944/p,Café soluble descafeinado La Estrella 200 g.,"5,39 €",,"26,95 €/kg",,La Despensa,Desayuno,Cafés,https://static.carrefour.es/hd_510x_/img_pim_food/109351_00_1.jpg
https://www.carrefour.es/supermercado/limon-simply-15-kg/R-VC4AECOMM-198883/p,"Limón Simply 1,5 kg","3,29 €",,"2,19 €/kg",,Productos Frescos,Frutas,Naranjas y otros cítricos,https://static.carrefour.es/hd_510x_/img_pim_food/198883_00_1.jpg
https://www.carrefour.es/supermercado/ambientador-de-varillas-absorbeolores-bano-carrefour-45-ml/R-prod610051/p,Ambientador de varillas absorbeolores baño Carrefour 45 ml.,"2,39 €",,"2,39 €/ud",,Limpieza y Hogar,Ambientadores,Absorbeolores,https://static.carrefour.es/hd_510x_/img_pim_food/841169_00_1.jpg
https://www.carrefour.es/supermercado/chocolate-blanco-con-galleta-nestle-jungly-125-g/R-VC4AECOMM-719897/p,Chocolate blanco con galleta Nestlé Jungly 125 g.,"1,70 €",,"13,60 €/kg",,La Despensa,Dulce,Bombones y Chocolates,https://static.carrefour.es/hd_510x_/img_pim_food/719897_00_1.jpg
https://www.carrefour.es/supermercado/whisky-dewars-white-label-escoces-1-l/R-520662621/p,Whisky Dewar's White Label escocés 1 l.,"20,40 €",,"20,40 €/l",,,,,https://static.carrefour.es/hd_510x_/img_pim_food/288830_00_1.jpg
https://www.carrefour.es/supermercado/leche-infantil-para-lactantes-desde-el-primer-dia-en-polvo-almiron-advance-1-sin-aceite-de-palma-lata-800-g/R-712703625/p,Leche infantil para lactantes desde el primer día en polvo Almirón Advance 1 sin aceite de palma lata 800 g.,"23,80 €",,"29,75 €/kg",,Bebé,Alimentación infantil,Leches Infantiles,https://static.carrefour.es/hd_510x_/img_pim_food/439240_00_1.jpg
https://www.carrefour.es/supermercado/gel-de-ducha-argan-sensorial-care-natural-honey-600-ml/R-605301937/p,Gel de ducha argán Sensorial Care Natural Honey 600 ml.,"2,49 €",,"0,42 €/100ml",,Perfumería e Higiene,Baño e Higiene Corporal,Geles de Baño,https://static.carrefour.es/hd_510x_/img_pim_food/360038_00_1.jpg
https://www.carrefour.es/supermercado/cava-berberana-gran-tradicion-brut-nature-reserva-do-cava-75-cl/R-VC4AECOMM-380740/p,Cava Berberana Gran Tradición brut nature reserva D.O. Cava 75 cl.,"4,29 €",,"4,29 €/ud",,,,,https://static.carrefour.es/hd_510x_/img_pim_food/380740_00_1.jpg
https://www.carrefour.es/supermercado/dentifrico-encias-aliento-y-sensibilidad-parodontaxpack-de-2-unidades-de-75-ml/R-VC4AECOMM-352222/p,Dentífrico encías + aliento y sensibilidad Parodontaxpack de 2 unidades de 75 ml.,"11,85 €",,"7,90 €/100ml",,Parafarmacia,Higiene Bucal,Pasta de dientes,https://static.carrefour.es/hd_510x_/img_pim_food/352222_00_1.jpg
https://www.carrefour.es/supermercado/tarrito-de-zanahorias-baby-con-ternera-desde-6-meses-hero-baby-sin-gluten-235-g/R-521033516/p,Tarrito de zanahorias baby con ternera desde 6 meses Hero Baby sin gluten 235 g.,"1,80 €",,"7,66 €/kg",,Bebé,Alimentación infantil,Tarritos y Platos Preparados,https://static.carrefour.es/hd_510x_/img_pim_food/002404_00_1.jpg
https://www.carrefour.es/supermercado/queso-de-vaca-tierno-provolone-dulce-carrefour-extra-pieza-de-150-g/R-VC4AECOMM-688448/p,Queso de Vaca Tierno Provolone dulce Carrefour Extra pieza de 150 g,"1,99 €",,"13,27 €/kg",,Productos Frescos,Quesos,Todos los Quesos,https://static.carrefour.es/hd_510x_/img_pim_food/688448_00_1.jpg
https://www.carrefour.es/supermercado/cerveza-artesana-carrefour-sensation-tipo-ipa-botella-33-cl/R-VC4AECOMM-573262/p,Cerveza artesana Carrefour Sensation tipo IPA botella 33 cl.,"1,44 €",,"4,36 €/l",,Bebidas,Cerveza,Todas las Cervezas,https://static.carrefour.es/hd_510x_/img_pim_food/573262_00_1.jpg
https://www.carrefour.es/supermercado/lasana-bolonesa-carrefour-el-mercado-350-g/R-525888095/p,Lasaña boloñesa Carrefour el Mercado 350 g,"2,50 €",,"7,14 €/kg",,Productos Frescos,Platos Preparados Cocinados,Pastas y Pizzas,https://static.carrefour.es/hd_510x_/img_pim_food/274162_00_1.jpg
https://www.carrefour.es/supermercado/miel-de-bosque-de-galicia-de-nuestra-tierra-500-g/R-521013355/p,Miel de bosque de Galicia De Nuestra Tierra 500 g.,"7,25 €",,"14,50 €/kg",,La Despensa,Dulce,Miel,https://static.carrefour.es/hd_510x_/img_pim_food/384703_00_1.jpg
https://www.carrefour.es/supermercado/niscalo-deshidratado-bandeja-30-g/R-prod212282/p,Niscalo deshidratado bandeja 30 g,"5,87 €",,"195,67 €/kg",,Productos Frescos,Verduras y hortalizas,Setas y Hongos,https://static.carrefour.es/hd_510x_/img_pim_food/267654_00_1.jpg
https://www.carrefour.es/supermercado/yogur-natural-edulcorado-carrefour-classic-sin-azucares-anadidos-pack-de-6-unidades-de-125-g/R-VC4AECOMM-351247/p,Yogur natural edulcorado Carrefour Classic sin azúcares añadidos pack de 6 unidades de 125 g.,"1,05 €",,"1,40 €/kg",,La Despensa,Yogures y Postres,Yogur Natural y Sabores,https://static.carrefour.es/hd_510x_/img_pim_food/351247_00_1.jpg
https://www.carrefour.es/supermercado/champu-nutritivo-aceite-de-oliva-para-cabellos-secos-o-encrespados-carrefour-soft-400-ml/R-856700418/p,Champú nutritivo aceite de oliva para cabellos secos o encrespados Carrefour Soft 400 ml.,"2,19 €",,"0,55 €/100ml",,Perfumería e Higiene,Cabello,Champús,https://static.carrefour.es/hd_510x_/img_pim_food/094150_00_1.jpg
https://www.carrefour.es/supermercado/dentifrico-complete-con-enjuague-bucal-blanqueante-oral-b-75-ml/R-683603251/p,Dentífrico Complete con enjuague bucal + blanqueante Oral-B 75 ml.,"2,35 €",,"3,13 €/100ml",,Perfumería e Higiene,Boca y Sonrisa,Dentífricos,https://static.carrefour.es/hd_510x_/img_pim_food/071234_00_1.jpg
https://www.carrefour.es/supermercado/vino-tinto-joven-tempranillo-palacio-de-beltus-vendimia-seleccionada-doca-rioja-75-cl/R-520661473/p,Palacio De Beltus Tinto 2022,"3,19 €",,"3,19 €/ud",,Bebidas,Vinos,Tinto,https://static.carrefour.es/hd_510x_/img_pim_food/624133_00_1.jpg
https://www.carrefour.es/supermercado/cola-de-caballo-y-sen-en-bolsitas-adelgasana-susaron-20-ud/R-686502141/p,Cola de caballo y sen en bolsitas Adelgasana Susarón 20 ud.,"3,25 €",,"125,00 €/kg",,La Despensa,Desayuno,Infusiones y Tés,https://static.carrefour.es/hd_510x_/img_pim_food/078017_00_1.jpg
https://www.carrefour.es/supermercado/queso-fundido-en-lonchas-light-el-caserio-sin-gluten-262-g/R-521030618/p,Queso fundido en lonchas light El Caserío sin gluten 262 g.,"2,85 €",,"10,88 €/kg",,Productos Frescos,Quesos,Fundidos,https://static.carrefour.es/hd_510x_/img_pim_food/702943_00_1.jpg
https://www.carrefour.es/supermercado/ginebra-rives-original-1-l/R-522713452/p,Ginebra Rives original 1 l.,"13,09 €",,"13,09 €/l",,Bebidas,Alcoholes,Ginebra,https://static.carrefour.es/hd_510x_/img_pim_food/046027_00_1.jpg
https://www.carrefour.es/supermercado/pechuga-de-pavo-campofrio-vuelta-y-vuelta-sin-gluten-190-g/R-521030456/p,Pechuga de pavo Campofrío - Vuelta y Vuelta sin gluten 190 g.,"4,09 €",,"21,53 €/kg",,Productos Frescos,Charcutería,Fiambre de Pavo y Pollo,https://static.carrefour.es/hd_510x_/img_pim_food/500229_00_1.jpg
https://www.carrefour.es/supermercado/patatas-chips-sabor-queso-curado-y-trufa-negra-frit-ravich-sin-gluten-150-g/R-VC4AECOMM-101600/p,Patatas chips sabor queso curado y trufa negra Frit Ravich sin gluten 150 g.,"2,69 €",,"17,93 €/kg",,La Despensa,Aperitivos,Patatas Fritas,https://static.carrefour.es/hd_510x_/img_pim_food/101600_00_1.jpg
https://www.carrefour.es/supermercado/arroz-de-valencia-categoria-extra-de-nuestra-tierra-1-kg/R-546306740/p,Arroz de Valencia categoría extra De Nuestra Tierra 1 kg.,"3,49 €",,"3,49 €/kg",,La Despensa,Alimentación,Arroz y Cous Cous,https://static.carrefour.es/hd_510x_/img_pim_food/379835_00_1.jpg
https://www.carrefour.es/supermercado/magnum-mini-cookie-mania-6-ud/R-VC4AECOMM-727036/p,Magnum Mini Cookie Manía 6 ud.,"5,99 €",,"1,00 €/ud",,Congelados,Helados,Bombón Helado,https://static.carrefour.es/hd_510x_/img_pim_food/727036_00_1.jpg
https://www.carrefour.es/supermercado/champu-suavidad-aroma-a-rosas-herbal-essences-350-ml/R-VC4AECOMM-495721/p,Champú suavidad aroma a rosas Herbal Essences 350 ml.,"5,75 €",,"1,64 €/100ml",,Perfumería e Higiene,Cabello,Champús,https://static.carrefour.es/hd_510x_/img_pim_food/495721_00_1.jpg
https://www.carrefour.es/supermercado/discos-wc-activos-inodoros-frescor-marino-aparato-recambio-pato-1-ud/R-prod392242/p,Discos wc activos inodoros frescor marino aparato + recambio Pato 1 ud.,"3,85 €",,"3,85 €/ud",,Limpieza y Hogar,Productos para Baño,WC,https://static.carrefour.es/hd_510x_/img_pim_food/462959_00_1.jpg
https://www.carrefour.es/supermercado/papilla-infantil-desde-5-meses-8-cereales-y-frutas-blevit-sin-azucar-anadido-500-g/R-VC4AECOMM-324636/p,Papilla infantil desde 5 meses 8 cereales y frutas Blevit sin azúcar añadido 500 g.,"10,75 €",,"21,50 €/kg",,Parafarmacia,Bebé,Papillas y Galletas,https://static.carrefour.es/hd_510x_/img_pim_food/324636_00_1.jpg
https://www.carrefour.es/supermercado/ambientador-absorbeolores-para-el-frigorifico-croc-odor-1-ud/R-521002158/p,Ambientador absorbeolores para el frigorífico Croc Odor 1 ud.,"2,89 €",,"2,89 €/ud",,Limpieza y Hogar,Ambientadores,Absorbeolores,https://static.carrefour.es/hd_510x_/img_pim_food/192985_00_1.jpg
https://www.carrefour.es/supermercado/pony-malta-lata-33-cl/R-670601770/p,Pony Malta lata 33 cl.,"1,42 €",,"4,30 €/l",,Bebidas,Refrescos,Sabores con Gas,https://static.carrefour.es/hd_510x_/img_pim_food/332728_00_1.jpg
https://www.carrefour.es/supermercado/patata-con-piel-al-vapor-carrefour-bio-400-g/R-VC4AECOMM-354181/p,Patata con piel al vapor Carrefour Bio 400 g,"1,99 €",,"4,97 €/kg",,Productos Frescos,Verduras y hortalizas,Ensaladas y Verduras Preparadas,https://static.carrefour.es/hd_510x_/img_pim_food/354181_00_1.jpg
https://www.carrefour.es/supermercado/queso-brie-snacking-president-180-g/R-VC4AECOMM-683742/p,Queso brie snacking President 180 g,"3,21 €",,"17,83 €/kg",,Productos Frescos,Quesos,Brie y Camembert,https://static.carrefour.es/hd_510x_/img_pim_food/683742_00_1.jpg
https://www.carrefour.es/supermercado/kaki-sharoni-1-kg-aprox/R-528412350/p,Kaki sharoni 1 kg aprox,"4,58 €",,"4,58 €/kg",,Productos Frescos,Frutas,Fruta de temporada,https://static.carrefour.es/hd_510x_/img_pim_food/053885_00_1.jpg
https://www.carrefour.es/supermercado/vino-tinto-joven-puerta-de-hierro-do-vinos-madrid-75-cl/R-521012980/p,Puerta De Hierro 2023,"2,79 €",,"2,79 €/ud",,Bebidas,Vinos,Tinto,https://static.carrefour.es/hd_510x_/img_pim_food/228354_00_1.jpg
https://www.carrefour.es/supermercado/masa-maxi-pizza-carrefour-385-g/R-606402091/p,Masa maxi pizza Carrefour 385 g.,"2,75 €",,"7,14 €/kg",,La Despensa,"Panaderia, Bollería y Pastelería",Masa Fresca y Bases,https://static.carrefour.es/hd_510x_/img_pim_food/387521_00_1.jpg
https://www.carrefour.es/supermercado/codillo-de-jamon-curado-precortado-el-pozo-sin-gluten-850-g/R-665801826/p,Codillo de jamón curado precortado El Pozo sin gluten 850 g.,"2,15 €",,"2,53 €/kg",,Productos Frescos,Charcutería,Jamón Serrano e Ibérico Envasado,https://static.carrefour.es/hd_510x_/img_pim_food/321663_00_1.jpg
https://www.carrefour.es/supermercado/cerveza-amstel-100-malta-pack-de-12-latas-de-33-cl/R-520661326/p,Cerveza Amstel 100% Malta pack de 12 latas de 33 cl.,"8,52 €",,"2,15 €/l",,Bebidas,Cerveza,Todas las Cervezas,https://static.carrefour.es/hd_510x_/img_pim_food/438853_00_1.jpg
https://www.carrefour.es/supermercado/menu-aroma-para-conejos-enanos-5-kg/R-720868078/p,Menu Aroma para Conejos Enanos 5 kg,"12,89 €",,"2,58 €/kg",,Mascotas,Conejos y roedores,Pienso para conejos y rodeores,https://static.carrefour.es/hd_510x_/img_pim_food/668716_00_1.jpg
https://www.carrefour.es/supermercado/queso-semicurado-en-lonchas-navidul-70-g/R-791562789/p,Queso semicurado en lonchas Navidul 70 g.,"1,55 €",,"22,14 €/kg",,Productos Frescos,Quesos,Semicurado,https://static.carrefour.es/hd_510x_/img_pim_food/887166_00_1.jpg
https://www.carrefour.es/supermercado/estuche-de-paleta-de-cebo-iberica-50-raza-iberica-circulo-de-calidad-3-sobres-de-100-g/R-VC4AECOMM-433888/p,Estuche de Paleta de Cebo Ibérica 50% Raza Ibérica Círculo de Calidad 3 sobres de 100 g,"13,09 €",,"54,54 €/kg",,Productos Frescos,Charcutería,Jamón Serrano e Ibérico Envasado,https://static.carrefour.es/hd_510x_/img_pim_food/433888_00_1.jpg
https://www.carrefour.es/supermercado/vino-blanco-semi-dulce-bach-do-cataluna-75-cl/R-520662825/p,Bach Extrísimo Blanco,"4,49 €",,"4,49 €/ud",,Bebidas,Vinos,Blanco,https://static.carrefour.es/hd_510x_/img_pim_food/000219_00_1.jpg
https://www.carrefour.es/supermercado/bizcocho-con-chocolate-milka-132-g/R-VC4AECOMM-015665/p,Bizcocho con chocolate Milka 132 g.,"2,79 €",,"21,14 €/kg",,La Despensa,Desayuno,Galletas,https://static.carrefour.es/hd_510x_/img_pim_food/015665_00_1.jpg
https://www.carrefour.es/supermercado/pizza-de-pollo-ristorante-dr-oetker-355-g/R-529043345/p,Pizza de pollo Ristorante Dr. Oetker 355 g,"3,89 €",,"10,96 €/kg",,Congelados,Pizzas Congeladas,,https://static.carrefour.es/hd_510x_/img_pim_food/242631_00_1.jpg
https://www.carrefour.es/supermercado/mermelada-de-frambuesa-diet-la-vieja-fabrica-sin-gluten-280-g/R-757607327/p,Mermelada de frambuesa Diet La Vieja Fábrica sin gluten 280 g.,"3,25 €",,"11,61 €/kg",,,,,https://static.carrefour.es/hd_510x_/img_pim_food/766653_00_1.jpg
https://www.carrefour.es/supermercado/mermelada-de-grosella-negra-chivers-340-g/R-590211995/p,Mermelada de grosella negra Chivers 340 g.,"5,25 €",,"15,44 €/kg",,La Despensa,Dulce,"Mermeladas, Membrillos y Compotas",https://static.carrefour.es/hd_510x_/img_pim_food/366708_00_1.jpg
https://www.carrefour.es/supermercado/caldo-natural-de-pollo-gallo-sin-gluten-y-sin-lactosa-brik-1-l/R-VC4AECOMM-082871/p,Caldo natural de pollo Gallo sin gluten y sin lactosa brik 1 l.,"1,99 €",,"1,99 €/l",,La Despensa,"Conservas, Sopas y Precocinados","Caldos, Sopas y Pure",https://static.carrefour.es/hd_510x_/img_pim_food/082871_00_1.jpg
https://www.carrefour.es/supermercado/cacahuete-piel-tostado-carrefour-el-mercado-tarrina-de-250-g/R-prod1070757/p,Cacahuete piel tostado Carrefour El Mercado tarrina de 250 g,"1,99 €",,"7,96 €/kg",,La Despensa,Aperitivos,Frutos Secos,https://static.carrefour.es/hd_510x_/img_pim_food/142422_00_1.jpg
https://www.carrefour.es/supermercado/cerveza-san-miguel-especial-sin-gluten-botella-33-cl/R-814634942/p,Cerveza San Miguel especial sin gluten botella 33 cl.,"1,10 €",,"3,33 €/l",,Bebidas,Cerveza,Rubia,https://static.carrefour.es/hd_510x_/img_pim_food/945279_00_1.jpg
https://www.carrefour.es/supermercado/helado-cookies-on-cookie-dough-benjerrys-465-ml/R-VC4AECOMM-456074/p,Helado cookies on cookie dough Ben&Jerry´s 465 ml.,"7,79 €",,"19,19 €/kg",,Congelados,Helados,Tarrinas,https://static.carrefour.es/hd_510x_/img_pim_food/456074_00_1.jpg
https://www.carrefour.es/supermercado/helado-de-stracciatella-carrefour-900-ml/R-prod310034/p,Helado de stracciatella Carrefour 900 ml.,"3,39 €",,"6,86 €/kg",,Congelados,Helados,Tarrinas,https://static.carrefour.es/hd_510x_/img_pim_food/369610_00_1.jpg
https://www.carrefour.es/supermercado/aceite-de-oliva-virgen-extra-maestros-de-hojiblanca-1-l/R-520660337/p,Aceite de oliva virgen extra Maestros de Hojiblanca 1 l.,"13,23 €",,"13,23 €/l",,La Despensa,Alimentación,Aceites y vinagres,https://static.carrefour.es/hd_510x_/img_pim_food/113505_00_1.jpg
https://www.carrefour.es/supermercado/caja-loto-de-apositos-gasa-20-uds/R-590507734/p,Caja Loto de Apósitos Gasa 20 uds,"3,99 €",,"0,04 €/ud",,Parafarmacia,Botiquín,Apósitos y Gasas,https://static.carrefour.es/hd_510x_/img_pim_food/541974_00_1.jpg
https://www.carrefour.es/supermercado/cafe-colombia-en-capsulas-starbucks-compatible-con-nespresso-18-ud/R-VC4AECOMM-151828/p,Café Colombia en cápsulas Starbucks compatible con Nespresso 18 ud.,"7,55 €",,"74,75 €/kg",,La Despensa,Desayuno,Cafés,https://static.carrefour.es/hd_510x_/img_pim_food/151828_00_1.jpg
https://www.carrefour.es/supermercado/cafe-extra-fuerte-en-capsulas-saimaza-compatible-con-nespresso-20-unidades-de-52-g/R-prod670392/p,"Café extra fuerte en cápsulas Saimaza compatible con Nespresso 20 unidades de 5,2 g.","5,25 €",,"50,48 €/kg",,La Despensa,Desayuno,Cafés,https://static.carrefour.es/hd_510x_/img_pim_food/846126_00_1.jpg
https://www.carrefour.es/supermercado/vino-tinto-crianza-senorio-de-los-llanos-do-valdepenas-75-cl/R-520662780/p,Vino tinto crianza Señorío de los Llanos D.O. Valdepeñas 75 cl.,"2,25 €",,"2,25 €/ud",,Bebidas,Vinos,Tinto,https://static.carrefour.es/hd_510x_/img_pim_food/029249_00_1.jpg
https://www.carrefour.es/supermercado/agua-de-colonia-up2u-born-to-shine-les-cosmetiques-100-ml/R-VC4AECOMM-305931/p,Agua de colonia #UP2U Born To Shine Les Cosmétiques 100 ml.,"8,95 €",,"8,95 €/100ml",,Perfumería e Higiene,Baño e Higiene Corporal,Colonias,https://static.carrefour.es/hd_510x_/img_pim_food/305931_00_1.jpg
https://www.carrefour.es/supermercado/vino-tinto-carrefour-pack-3-brik-20-cl/R-546003441/p,Vino tinto Carrefour pack 3 brik 20 cl.,"1,41 €",,"2,35 €/l",,Bebidas,Vinos,Tinto,https://static.carrefour.es/hd_510x_/img_pim_food/004127_00_1.jpg
https://www.carrefour.es/supermercado/gel-hidratante-intimo-efecto-calor-vagisil-30-g/R-590510956/p,Gel hidratante íntimo efecto calor Vagisil 30 g.,"9,95 €",,"33,17 €/100g",,Parafarmacia,Cuidado corporal,Cuidado Íntimo,https://static.carrefour.es/hd_510x_/img_pim_food/747682_00_1.jpg
https://www.carrefour.es/supermercado/bano-de-color-tono-535-chocolate-casting-creme-gloss-loreal-paris-1-ud/R-531704997/p,Baño de color tono 535 chocolate Casting Creme Gloss L'Oréal Paris 1 ud.,"5,99 €",,"5,99 €/ud",,Perfumería e Higiene,Cabello,Tinte,https://static.carrefour.es/hd_510x_/img_pim_food/097605_00_1.jpg
https://www.carrefour.es/supermercado/jamon-iberico-en-lonchas-azuaga-100-g/R-VC4AECOMM-698163/p,Jamón Ibérico en lonchas Azuaga 100 g.,"8,09 €",,"80,90 €/kg",,Productos Frescos,Charcutería,Jamón Serrano e Ibérico Envasado,https://static.carrefour.es/hd_510x_/img_pim_food/698163_00_1.jpg
https://www.carrefour.es/supermercado/pan-chapata-schar-sin-gluten-y-sin-lactosa-200-g/R-651303621/p,Pan chapata Schär sin gluten y sin lactosa 200 g.,"4,19 €",,"20,95 €/kg",,La Despensa,"Panaderia, Bollería y Pastelería",Especialidades de pan,https://static.carrefour.es/hd_510x_/img_pim_food/815231_00_1.jpg
https://www.carrefour.es/supermercado/tortillas-de-trigo-old-el-paso-12-ud/R-521029347/p,Tortillas de trigo Old el Paso 12 ud.,"4,55 €",,"9,30 €/kg",,La Despensa,"Conservas, Sopas y Precocinados","Tortillas, Empanadillas y Sandwiches",https://static.carrefour.es/hd_510x_/img_pim_food/684105_00_1.jpg
https://www.carrefour.es/supermercado/cintas-multicolor-carrefour-classic-100-g/R-VC4AECOMM-432448/p,Cintas multicolor Carrefour Classic 100 g.,"1,11 €",,"11,10 €/kg",,La Despensa,Dulce,Dulces y Golosinas,https://static.carrefour.es/hd_510x_/img_pim_food/432448_00_1.jpg
https://www.carrefour.es/supermercado/barritas-de-chocolate-con-leche-y-trocitos-de-avellana-bicentury-90-g/R-fprod1470173/p,Barritas de chocolate con leche y trocitos de avellana Bicentury 90 g.,"3,65 €",,"40,56 €/kg",,La Despensa,Desayuno,Barritas,https://static.carrefour.es/hd_510x_/img_pim_food/406827_00_1.jpg
https://www.carrefour.es/supermercado/pate-con-faisan-y-trufa-extra-carrefour-110-g/R-VC4AECOMM-095548/p,Paté con faisán y trufa Extra Carrefour 110 g.,"2,09 €",,"19,00 €/kg",,Productos Frescos,Charcutería,"Foie, Patés y Sobrasadas",https://static.carrefour.es/hd_510x_/img_pim_food/095548_00_1.jpg
https://www.carrefour.es/supermercado/cortadillos-con-crema-de-cacao-ines-rosales-144-g/R-VC4AECOMM-450115/p,Cortadillos con crema de cacao Inés Rosales 144 g.,"2,25 €",,"15,63 €/kg",,La Despensa,"Panaderia, Bollería y Pastelería",Bollería,https://static.carrefour.es/hd_510x_/img_pim_food/450115_00_1.jpg
https://www.carrefour.es/supermercado/vino-tinto-barrica-muga-do-ca-rioja-75-cl/R-520662530/p,Muga Selección Especial Reserva 2018,"32,00 €",,"32,00 €/ud",,Bebidas,Vinos,Tinto,https://static.carrefour.es/hd_510x_/img_pim_food/123768_00_1.jpg
https://www.carrefour.es/supermercado/guisantes-tiernos-y-muy-finos-sin-azucar-anadido-bonduelle-pack-de-3-unidades-de-140-g/R-fprod1420173/p,Guisantes tiernos y muy finos sin azúcar añadido Bonduelle pack de 3 unidades de 140 g.,"3,99 €",,"9,50 €/kg",,La Despensa,"Conservas, Sopas y Precocinados",Conservas de Vegetales,https://static.carrefour.es/hd_510x_/img_pim_food/367757_00_1.jpg
https://www.carrefour.es/supermercado/chicles-sabor-clorofila-trident-sin-azucar-pack-de-4-unidades-de-14-g/R-521012481/p,Chicles sabor clorofila Trident sin azúcar pack de 4 unidades de 14 g.,"2,99 €",,"51,55 €/kg",,La Despensa,Dulce,Dulces y Golosinas,https://static.carrefour.es/hd_510x_/img_pim_food/001929_00_1.jpg
https://www.carrefour.es/supermercado/patatas-original-crinkle-mccain-750-g/R-VC4AECOMM-120053/p,Patatas Original Crinkle McCain 750 g.,"4,17 €",,"5,56 €/kg",,Congelados,Verduras Congeladas,,https://static.carrefour.es/hd_510x_/img_pim_food/120053_00_1.jpg
https://www.carrefour.es/supermercado/agua-mineral-carrefour-kids-tapon-deportivo-33-cl/R-prod1130516/p,Agua mineral Carrefour Kids tapón deportivo 33 cl.,"0,24 €",,"0,73 €/l
- 1,44 €/6 uds.",,Bebidas,Aguas y Zumos,"Agua hasta 0,75 litros",https://static.carrefour.es/hd_510x_/img_pim_food/186443_00_1.jpg
https://www.carrefour.es/supermercado/helado-de-cookie-vermont-ster-sundae-ben-jerrys-427-ml/R-VC4AECOMM-727047/p,Helado de cookie vermont-ster sundae Ben & Jerry's 427 ml,"7,79 €",,"24,04 €/kg",,Congelados,Helados,Tarrinas,https://static.carrefour.es/hd_510x_/img_pim_food/727047_00_1.jpg
https://www.carrefour.es/supermercado/vino-tinto-crianza-tempranillo-dehesas-del-rey-do-ribera-del-duero-75-cl/R-700507589/p,Dehesas Del Rey Tinto Crianza 2021,"7,89 €",,"7,89 €/ud",,Bebidas,Vinos,Tinto,https://static.carrefour.es/hd_510x_/img_pim_food/388697_00_1.jpg
https://www.carrefour.es/supermercado/colorante-permanente-n-6-rubio-oscuro-intensive-color-cream-palette-1-ud/R-600805815/p,Colorante permanente nº 6 rubio oscuro Intensive Color Cream Palette 1 ud.,"4,79 €",,"4,79 €/ud",,Perfumería e Higiene,Cabello,Tinte,https://static.carrefour.es/hd_510x_/img_pim_food/366259_00_1.jpg
https://www.carrefour.es/supermercado/sandwich-cookie-maxibon-nestle-4-ud/R-590211607/p,Sandwich Cookie Maxibon Nestlé 4 ud.,"6,25 €",,"1,56 €/ud",,Congelados,Helados,Sandwiches,https://static.carrefour.es/hd_510x_/img_pim_food/308075_00_1.jpg
https://www.carrefour.es/supermercado/cafe-soluble-molido-tueste-natural-100-arabica-nescafe-gold-100-g/R-526626906/p,Café soluble molido tueste natural 100% arábica Nescafé Gold 100 g.,"7,39 €",,"73,90 €/kg",,La Despensa,Desayuno,Cafés,https://static.carrefour.es/hd_510x_/img_pim_food/028614_00_1.jpg
https://www.carrefour.es/supermercado/chocolate-negro-72-con-arandanos-carrefour-sensation-sin-gluten-100-g/R-VC4AECOMM-477927/p,Chocolate negro 72% con arándanos Carrefour Sensation sin gluten 100 g.,"2,95 €",,"29,50 €/kg",,La Despensa,Dulce,Bombones y Chocolates,https://static.carrefour.es/hd_510x_/img_pim_food/477927_00_1.jpg
https://www.carrefour.es/supermercado/fuet-casero-el-pozo-pack-de-2-unidades-de-150-g/R-VC4AECOMM-710672/p,Fuet casero El Pozo pack de 2 unidades de 150 g.,"5,15 €",,"17,17 €/kg",,Productos Frescos,Charcutería,"Chorizo, Lomo y Otros",https://static.carrefour.es/hd_510x_/img_pim_food/710672_00_1.jpg
https://www.carrefour.es/supermercado/pizza-rucola-con-queso-y-tomate-cherry-ristorante-dr-oetker-325-g/R-VC4AECOMM-329828/p,Pizza rucola con queso y tomate cherry Ristorante Dr. Oetker 325 g.,"4,25 €",,"13,08 €/kg",,Congelados,Pizzas Congeladas,,https://static.carrefour.es/hd_510x_/img_pim_food/329828_00_1.jpg
https://www.carrefour.es/supermercado/trufas-carrefour-el-mercado-192-g/R-VC4AECOMM-183715/p,Trufas Carrefour El Mercado 192 g,"3,45 €",,"17,97 €/kg",,Productos Frescos,Panadería Tradicional,Pastelería y Repostería,https://static.carrefour.es/hd_510x_/img_pim_food/183715_00_1.jpg
https://www.carrefour.es/supermercado/pan-de-cereales-vital-schar-sin-gluten-y-sin-lactosa-350-g/R-824405641/p,Pan de cereales Vital Schär sin gluten y sin lactosa 350 g.,"4,45 €",,"12,71 €/kg",,La Despensa,"Panaderia, Bollería y Pastelería",Pan de Molde,https://static.carrefour.es/hd_510x_/img_pim_food/958873_00_1.jpg
https://www.carrefour.es/supermercado/desodorante-roll-on-piel-normal-24h-con-piedra-de-alumbre-natur-protect-sanex-50-ml/R-520664849/p,Desodorante roll-on piel normal 24h con piedra de alumbre Natur Protect Sanex 50 ml.,"2,09 €",,"4,18 €/100ml",,Perfumería e Higiene,Baño e Higiene Corporal,Desodorantes,https://static.carrefour.es/hd_510x_/img_pim_food/063911_00_1.jpg
https://www.carrefour.es/supermercado/robinsons-de-naranja-sin-gas-sin-azucar-anadido-1-l/R-589802742/p,Robinsons de naranja sin gas sin azúcar añadido 1 l.,"2,89 €",,"2,89 €/l",,Bebidas,Refrescos,Sabores sin Gas,https://static.carrefour.es/hd_510x_/img_pim_food/273341_00_1.jpg
https://www.carrefour.es/supermercado/bolsas-de-congelacion-grandes-carrefour-50-ud/R-prod270534/p,Bolsas de congelación grandes Carrefour 50 ud.,"1,78 €",,"0,04 €/ud",,Limpieza y Hogar,Conservación de Alimentos,Bolsas,https://static.carrefour.es/hd_510x_/img_pim_food/297742_00_1.jpg
https://www.carrefour.es/supermercado/maquinillas-desechables-para-hombre-sensor3-cool-gillette-8-ud/R-VC4AECOMM-017732/p,Maquinillas desechables para hombre Sensor3 Cool Gillette 8 ud.,"12,25 €",,"1,53 €/ud",,Perfumería e Higiene,Depilación y Afeitado,Maquinillas y Recambios,https://static.carrefour.es/hd_510x_/img_pim_food/017732_00_1.jpg
https://www.carrefour.es/supermercado/queso-grana-padano-en-laminas-dop-hispano-italiana-parmareggio-100-g/R-VC4AECOMM-688471/p,Queso grana padano en laminas D.O.P. Hispano Italiana Parmareggio 100 g.,"4,17 €",,"41,70 €/kg",,Productos Frescos,Charcutería y Quesos al Corte,Quesos Internacionales,https://static.carrefour.es/hd_510x_/img_pim_food/688471_00_1.jpg
https://www.carrefour.es/supermercado/yogur-griego-stracciatella-danone-oikos-pack-de-4-unidades-de-110-g/R-VC4AECOMM-460102/p,Yogur griego stracciatella Danone Oikos pack de 4 unidades de 110 g.,"2,85 €",,"6,48 €/kg",,La Despensa,Yogures y Postres,Yogures Griegos y Enriquecidos,https://static.carrefour.es/hd_510x_/img_pim_food/460102_00_1.jpg
https://www.carrefour.es/supermercado/pizza-de-peperoni-ahumado-carrefour-320-g/R-prod600096/p,Pizza de peperoni ahumado Carrefour 320 g.,"2,06 €",,"6,44 €/kg",,Congelados,Pizzas Congeladas,,https://static.carrefour.es/hd_510x_/img_pim_food/841124_00_1.jpg
https://www.carrefour.es/supermercado/chupa-chups-sabor-a-fresa-y-nata-lata-345-ml/R-VC4AECOMM-690627/p,Chupa Chups sabor a fresa y nata lata 345 ml.,"2,55 €",,"7,39 €/l",,Bebidas,Refrescos,Sabores con Gas,https://static.carrefour.es/hd_510x_/img_pim_food/690627_00_1.jpg
https://www.carrefour.es/supermercado/tostada-crujiente-de-centeno-extra-carrefour-250-g/R-VC4AECOMM-473126/p,Tostada crujiente de centeno Extra Carrefour 250 g.,"1,37 €",,"5,48 €/kg",,La Despensa,"Panaderia, Bollería y Pastelería","Pan tostado, Biscottes y Barritas",https://static.carrefour.es/hd_510x_/img_pim_food/473126_00_1.jpg
https://www.carrefour.es/supermercado/limpiamaquinas-finish-250-ml/R-521001505/p,Limpiamáquinas Finish 250 ml.,"3,75 €",,"15,00 €/l",,Limpieza y Hogar,Productos para Cocina,Aditivos y limpiamáquinas,https://static.carrefour.es/hd_510x_/img_pim_food/119479_00_1.jpg
https://www.carrefour.es/supermercado/contorno-de-ojos-retinol-correxion-line-smoothing-advanced-retinol-roc-15-ml/R-VC4AECOMM-005429/p,Contorno de ojos Retinol Correxion Line Smoothing Advanced Retinol Roc 15 ml.,"20,90 €",,"139,33 €/100ml",,Perfumería e Higiene,Cosmética,Rostro,https://static.carrefour.es/hd_510x_/img_pim_food/005429_00_1.jpg
https://www.carrefour.es/supermercado/varitas-tipo-pescado-green-cuisine-findus-336-g/R-VC4AECOMM-491276/p,Varitas tipo pescado Green Cuisine Findus 336 g.,"4,65 €",,"13,84 €/kg",,Congelados,Rebozados y Platos Preparados,,https://static.carrefour.es/hd_510x_/img_pim_food/491276_00_1.jpg
https://www.carrefour.es/supermercado/sirope-de-chocolate-carrefour-420-g/R-804260109/p,Sirope de chocolate Carrefour 420 g.,"1,99 €",,"7,24 €/kg",,La Despensa,Dulce,"Siropes, Aromas y Decoración",https://static.carrefour.es/hd_510x_/img_pim_food/783598_00_1.jpg
https://www.carrefour.es/supermercado/pescadilla-18-kg-aprox/R-530807350/p,"Pescadilla 1,8 kg aprox","21,51 €",,,,Productos Frescos,Pescadería,Pescado Fresco,https://static.carrefour.es/hd_510x_/img_pim_food/235058_00_1.jpg
https://www.carrefour.es/supermercado/aperitivo-de-maiz-sabor-queso-y-bacon-konos-carrefour-100-g/R-521003767/p,Aperitivo de maíz sabor queso y bacon Konos Carrefour 100 g.,"0,75 €",,"7,50 €/kg",,La Despensa,Aperitivos,Snacks,https://static.carrefour.es/hd_510x_/img_pim_food/726807_00_1.jpg
https://www.carrefour.es/supermercado/gaseosa-la-casera-cero-azucares-y-calorias-lata-33-cl/R-522713427/p,Gaseosa La Casera cero azúcares y calorías lata 33 cl.,"0,59 €",,"1,79 €/l
- 4,72 €/8 uds.",,Bebidas,Refrescos,Gaseosa,https://static.carrefour.es/hd_510x_/img_pim_food/000035_00_1.jpg
https://www.carrefour.es/supermercado/caramelos-de-goma-chamallows-tubular-haribo-sin-gluten-250-g/R-612301689/p,Caramelos de goma Chamallows Tubular Haribo sin gluten 250 g.,"4,05 €",,"16,20 €/kg",,La Despensa,Dulce,Dulces y Golosinas,https://static.carrefour.es/hd_510x_/img_pim_food/409641_00_1.jpg
https://www.carrefour.es/supermercado/crema-spf-30-antiflacidez-antimanchas-pieles-maduras-age-perfect-loreal-paris-50-ml/R-VC4AECOMM-119020/p,Crema SPF 30 antiflacidez antimanchas pieles maduras Age Perfect L'Oréal Paris 50 ml.,"9,75 €",,"19,50 €/100ml",,Perfumería e Higiene,Cuidado y Protección Corporal,Piel,https://static.carrefour.es/hd_510x_/img_pim_food/119020_00_1.jpg
https://www.carrefour.es/supermercado/vino-tinto-crianza-tempranillo-magnum-marques-de-caceres-do-rioja-15-l/R-575701925/p,Marqués De Cáceres Tinto Crianza 2019,"16,89 €",,"16,89 €/ud",,Bebidas,Vinos,Tinto,https://static.carrefour.es/hd_510x_/img_pim_food/283646_00_1.jpg
https://www.carrefour.es/supermercado/vino-blanco-semi-dulce-viura-diamante-doca-rioja-75-cl/R-522713444/p,Diamante Blanco,"4,29 €",,"4,29 €/ud",,,,,https://static.carrefour.es/hd_510x_/img_pim_food/026499_00_1.jpg
https://www.carrefour.es/supermercado/leche-entera-ecologica-el-buen-pastor-brik-1-l/R-590509464/p,Leche entera ecológica El Buen Pastor brik 1 l.,"1,90 €",,"1,90 €/l
- 11,40 €/6 uds.",,La Despensa,Lácteos,Leche,https://static.carrefour.es/hd_510x_/img_pim_food/609134_00_1.jpg
https://www.carrefour.es/supermercado/pan-de-perrito-6-ud-330-g/R-606509119/p,Pan de perrito 6 ud 330 g,"2,09 €",,"6,33 €/kg",,Productos Frescos,Panadería Tradicional,Pan Tradicional,https://static.carrefour.es/hd_510x_/img_pim_food/192259_00_1.jpg
https://www.carrefour.es/supermercado/cerveza-buckler-00-alcohol-malta-lata-33-cl/R-520661372/p,"Cerveza Buckler 0,0 alcohol malta lata 33 cl.","0,89 €",,"2,70 €/l
- 5,34 €/6 uds.",,Bebidas,Cerveza,Sin Alcohol,https://static.carrefour.es/hd_510x_/img_pim_food/469592_00_1.jpg
https://www.carrefour.es/supermercado/apositos-callos-medianos-compeed-10-ud/R-prod750181/p,Apósitos callos medianos Compeed 10 ud.,"8,09 €",,"0,81 €/ud",,Parafarmacia,Cuidado de manos y pies,Apósitos y Plantillas,https://static.carrefour.es/hd_510x_/img_pim_food/543735_00_1.jpg
https://www.carrefour.es/supermercado/crema-para-pies-hidratante-carrefour-soft-125-ml/R-616101750/p,Crema para pies hidratante Carrefour Soft 125 ml.,"1,50 €",,"1,20 €/100ml",,Perfumería e Higiene,Cuidado y Protección Corporal,Pies,https://static.carrefour.es/hd_510x_/img_pim_food/643024_00_1.jpg
https://www.carrefour.es/supermercado/endivia-carrefour-350-g/R-VC4AECOMM-235375/p,Endivia Carrefour 350 g,"1,47 €",,"4,20 €/ud",,Productos Frescos,Verduras y hortalizas,Ensaladas y Verduras Preparadas,https://static.carrefour.es/hd_510x_/img_pim_food/235375_00_1.jpg
https://www.carrefour.es/supermercado/arroz-con-leche-carrefour-pack-de-4-unidades-de-115-g/R-VC4AECOMM-440130/p,Arroz con leche Carrefour pack de 4 unidades de 115 g.,"1,22 €",,"2,65 €/kg",,La Despensa,Yogures y Postres,Otros Postres,https://static.carrefour.es/hd_510x_/img_pim_food/440130_00_1.jpg
https://www.carrefour.es/supermercado/mandarina-carrefour-a-granel-1-kg-aprox/R-fprod1480224/p,Mandarina Carrefour a granel 1 kg aprox,"2,49 €",,"2,49 €/kg",,Productos Frescos,Frutas,Naranjas y otros cítricos,https://static.carrefour.es/hd_510x_/img_pim_food/235316_00_1.jpg
https://www.carrefour.es/supermercado/caracoles-cabrilla-precocinados-500-g/R-VC4AECOMM-475195/p,Caracoles cabrilla precocinados 500 g,"4,59 €",,"9,18 €/kg",,Productos Frescos,Pescadería,Preparados y elaborados de Pescado y Marisco,https://static.carrefour.es/hd_510x_/img_pim_food/475195_00_1.jpg
https://www.carrefour.es/supermercado/chorizo-extra-en-lonchas-circulo-de-calidad-100-g/R-prod69067/p,Chorizo extra en lonchas Círculo de Calidad 100 g,"2,15 €",,"21,50 €/kg",,Productos Frescos,Charcutería,"Chorizo, Lomo y Otros",https://static.carrefour.es/hd_510x_/img_pim_food/209791_00_1.jpg
https://www.carrefour.es/supermercado/avena-cocida-para-microondas-brillante-pack-de-2-unidades-de-125-g/R-VC4AECOMM-021357/p,Avena cocida para microondas Brillante pack de 2 unidades de 125 g.,"1,55 €",,"6,20 €/kg",,La Despensa,"Conservas, Sopas y Precocinados",Platos Preparados,https://static.carrefour.es/hd_510x_/img_pim_food/021357_00_1.jpg
https://www.carrefour.es/supermercado/tortitas-de-maiz-pop-corn-bicentury-70-g/R-801539032/p,Tortitas de maíz Pop Corn Bicentury 70 g.,"1,73 €",,"24,71 €/kg",,La Despensa,Aperitivos,Tortitas,https://static.carrefour.es/hd_510x_/img_pim_food/907387_00_1.jpg
https://www.carrefour.es/supermercado/panales-dodot-sensitive-t3-6-10-kg-74-ud/R-VC4AECOMM-166195/p,Pañales Dodot Sensitive T3 (6-10 kg.) 74 ud.,"30,00 €",,"0,41 €/ud",,Bebé,Pañales y Toallitas,Pañales Dodot,https://static.carrefour.es/hd_510x_/img_pim_food/166195_00_1.jpg
https://www.carrefour.es/supermercado/escoba-de-interior-antichoque-carrefour-gris/R-655302080/p,Escoba de interior antichoque Carrefour - Gris,"3,95 €",,"3,95 €/ud",,Limpieza y Hogar,Utensilios de Limpieza,"Escobas, Mopas y Recogedores",https://static.carrefour.es/hd_510x_/img_pim_food/819867_00_1.jpg
https://www.carrefour.es/supermercado/helado-bombom-blanco-magnum-3-ud/R-760106380/p,Helado Bombóm Blanco Magnum 3 ud.,"4,99 €",,"1,66 €/ud",,Congelados,Helados,Bombón Helado,https://static.carrefour.es/hd_510x_/img_pim_food/768632_00_1.jpg
https://www.carrefour.es/supermercado/chapelas-zebra-dulcesol-3-ud/R-VC4AECOMM-144608/p,Chapelas zebra Dulcesol 3 ud.,"0,96 €",,"7,11 €/kg",,La Despensa,"Panaderia, Bollería y Pastelería",Bollería,https://static.carrefour.es/hd_510x_/img_pim_food/144608_00_1.jpg
https://www.carrefour.es/supermercado/vermut-carrefour-monte-esquinza-rojo-1-l/R-VC4AECOMM-474624/p,Vermut Carrefour Monte Esquinza rojo 1 l.,"3,55 €",,"3,55 €/l",,Bebidas,Alcoholes,Vermouth,https://static.carrefour.es/hd_510x_/img_pim_food/474624_00_1.jpg
https://www.carrefour.es/supermercado/hierbabuena-ecologico-carrefour-bio-maceta-1-ud/R-696105168/p,Hierbabuena ecológico Carrefour Bio maceta 1 ud,"1,94 €",,"1,94 €/ud",,Productos Frescos,Verduras y hortalizas,Hierbas Aromáticas y especias,https://static.carrefour.es/hd_510x_/img_pim_food/095178_00_1.jpg
https://www.carrefour.es/supermercado/aperitivo-de-maiz-sabor-queso-carrefour-100-g/R-846300376/p,Aperitivo de maíz sabor queso Carrefour 100 g.,"0,75 €",,"7,50 €/kg",,La Despensa,Aperitivos,Snacks,https://static.carrefour.es/hd_510x_/img_pim_food/017916_00_1.jpg
https://www.carrefour.es/supermercado/cerveza-el-aguila-dorada-pack-de-6-botellas-de-20-cl/R-VC4AECOMM-083968/p,Cerveza El Aguila dorada pack de 6 botellas de 20 cl.,"3,29 €",,"2,74 €/l",,Bebidas,Cerveza,Todas las Cervezas,https://static.carrefour.es/hd_510x_/img_pim_food/083968_00_1.jpg
https://www.carrefour.es/supermercado/galletas-chocoflake-duo-cuetara-420-g/R-816214431/p,Galletas chocoflake duo Cuétara 420 g.,"4,55 €",,"10,83 €/kg",,La Despensa,Desayuno,Galletas,https://static.carrefour.es/hd_510x_/img_pim_food/943912_00_1.jpg
https://www.carrefour.es/supermercado/cepillo-de-dientes-medio-refresca-el-aliento-triple-action-colgate-4-ud/R-814300571/p,Cepillo de dientes medio refresca el aliento Triple Action Colgate 4 ud.,"4,89 €",,"1,22 €/ud",,Perfumería e Higiene,Boca y Sonrisa,"Cepillos, Recambios y Accesorios",https://static.carrefour.es/hd_510x_/img_pim_food/938291_00_1.jpg
https://www.carrefour.es/supermercado/fusilli-italiano-original-carrefour-500-g/R-VC4AECOMM-477350/p,Fusilli italiano Original Carrefour 500 g.,"1,27 €",,"2,54 €/kg",,La Despensa,Alimentación,Pastas,https://static.carrefour.es/hd_510x_/img_pim_food/477350_00_1.jpg
https://www.carrefour.es/supermercado/pan-tostado-integral-ortiz-324-g/R-521002613/p,Pan tostado integral Ortiz 324 g.,"2,99 €",,"9,23 €/kg",,La Despensa,"Panaderia, Bollería y Pastelería","Pan tostado, Biscottes y Barritas",https://static.carrefour.es/hd_510x_/img_pim_food/001630_00_1.jpg
https://www.carrefour.es/supermercado/cider-ladron-de-manzanas-botella-25-cl/R-prod590263/p,Cider Ladrón de manzanas botella 25 cl.,"1,14 €",,"4,56 €/l",,Bebidas,Sidra,Cider,https://static.carrefour.es/hd_510x_/img_pim_food/838571_00_1.jpg
https://www.carrefour.es/supermercado/ron-havana-club-anejo-7-anos-70-cl/R-521007971/p,Ron Havana Club añejo 7 años 70 cl.,"25,50 €",,"36,43 €/l",,Bebidas,Alcoholes,Ron,https://static.carrefour.es/hd_510x_/img_pim_food/035486_00_1.jpg
https://www.carrefour.es/supermercado/locion-hidratante-cerave-473-ml/R-VC4AECOMM-610202/p,Loción hidratante Cerave 473 ml.,"16,69 €",,"3,53 €/100ml",,Parafarmacia,Cuidado corporal,Cremas y Lociones,https://static.carrefour.es/hd_510x_/img_pim_food/610202_00_1.jpg
https://www.carrefour.es/supermercado/canelones-con-carne-de-cerdo-carrefour-pack-de-2-unidades-de-500-g/R-VC4AECOMM-431253/p,Canelones con carne de cerdo Carrefour pack de 2 unidades de 500 g.,"5,35 €",,"5,35 €/kg",,Congelados,Rebozados y Platos Preparados,,https://static.carrefour.es/hd_510x_/img_pim_food/431253_00_1.jpg
https://www.carrefour.es/supermercado/panuelos-con-locion-suavizante-carrefour-200-ud/R-prod920236/p,Pañuelos con loción suavizante Carrefour 200 ud.,"1,25 €",,"0,01 €/ud",,Limpieza y Hogar,Papel y Celulosa,Pañuelos,https://static.carrefour.es/hd_510x_/img_pim_food/040467_00_1.jpg
https://www.carrefour.es/supermercado/dentifrico-plus-fluor-desensin-pack-de-2-unidades-de-125-g/R-prod60203/p,Dentífrico plus flúor Desensin pack de 2 unidades de 125 g.,"12,75 €",,"12,75 €/ud",,Parafarmacia,Higiene Bucal,Pasta de dientes,https://static.carrefour.es/hd_510x_/img_pim_food/794512_00_1.jpg
https://www.carrefour.es/supermercado/crema-de-avellanas-y-cacao-prozis-choco-butter-200-g/R-VC4AECOMM-517076/p,Crema de avellanas y cacao Prozis Choco Butter 200 g.,"5,05 €",,"25,25 €/kg",,La Despensa,Dulce,"Cremas de Cacao, Avellana y Cacahuete",https://static.carrefour.es/hd_510x_/img_pim_food/517076_00_1.jpg
https://www.carrefour.es/supermercado/bebida-de-cafe-sport-dinamic-protein-pascual-330-ml/R-VC4AECOMM-369342/p,Bebida de café Sport Dinamic Protein Pascual 330 ml.,"2,55 €",,"7,73 €/l",,,,,https://static.carrefour.es/hd_510x_/img_pim_food/369342_00_1.jpg
https://www.carrefour.es/supermercado/mantequilla-con-sal-ecologica-carrefour-bio-250-g/R-VC4AECOMM-619994/p,Mantequilla con sal ecológica Carrefour BIO 250 g,"4,05 €",,"16,20 €/kg",,La Despensa,Lácteos,Mantequillas y Margarinas,https://static.carrefour.es/hd_510x_/img_pim_food/619994_00_1.jpg
https://www.carrefour.es/supermercado/vino-do-rioja-antano-tinto-crianza-6-botellas-de-75-cl/R-624601964/p,Vino D.O Rioja Antaño tinto crianza 6 botellas de 75 cl.,"18,45 €",,"18,45 €/ud",,Bebidas,Vinos,Tinto,https://static.carrefour.es/hd_510x_/img_pim_food/751693_00_1.jpg
https://www.carrefour.es/supermercado/chicles-sabor-fresa-trident-sin-azucar-435-g/R-540201974/p,"Chicles sabor fresa Trident sin azúcar 43,5 g.","1,10 €",,"25,58 €/kg",,La Despensa,Dulce,Dulces y Golosinas,https://static.carrefour.es/hd_510x_/img_pim_food/215545_00_1.jpg
https://www.carrefour.es/supermercado/crema-contorno-de-ojos-vita-lift-loreal-men-expert-15-ml/R-prod731521/p,Crema contorno de ojos Vita Lift L'Oréal-Men Expert 15 ml.,"14,65 €",,"14,65 €/ud",,Perfumería e Higiene,Cuidado y Protección Corporal,Piel,https://static.carrefour.es/hd_510x_/img_pim_food/857346_00_1.jpg
https://www.carrefour.es/supermercado/crepes-jamon-y-queso-carrefour-pack-de-6-unidades-de-50-g/R-551901698/p,Crepes jamón y queso Carrefour pack de 6 unidades de 50 g.,"1,99 €",,"6,63 €/kg",,Congelados,Rebozados y Platos Preparados,,https://static.carrefour.es/hd_510x_/img_pim_food/240856_00_1.jpg
https://www.carrefour.es/supermercado/cava-anna-codorniu-brut-ecologico-do-cava-75-cl/R-fprod1370023/p,Anna De Codorniu,"12,75 €",,"12,75 €/ud",,Bebidas,Cava y champagne,Cavas,https://static.carrefour.es/hd_510x_/img_pim_food/346398_00_1.jpg
https://www.carrefour.es/supermercado/limpia-hogar-spray-mousse-accion-lejia-blanqueador-y-desengrasante-spray-ace-700-ml/R-795740596/p,Limpia hogar spray mousse acción lejía blanqueador y desengrasante spray Ace 700 ml.,"4,35 €",,"6,21 €/l",,Limpieza y Hogar,Cuidado de la Ropa,Aditivos y quitamanchas,https://static.carrefour.es/hd_510x_/img_pim_food/896414_00_1.jpg
https://www.carrefour.es/supermercado/colgador-wc-pino-simpl-choice-3-ud/R-VC4AECOMM-078722/p,Colgador WC pino Simpl Choice 3 ud.,"1,48 €",,"8,71 €/kg",,Limpieza y Hogar,Productos para Baño,WC,https://static.carrefour.es/hd_510x_/img_pim_food/078722_00_1.jpg
https://www.carrefour.es/supermercado/patata-ecologica-carrefour-bio-2-kg/R-600709102/p,Patata ecológica Carrefour Bio 2 kg,"4,45 €",,"2,22 €/kg",,Productos Frescos,Verduras y hortalizas,"Patatas, Cebollas y Ajos",https://static.carrefour.es/hd_510x_/img_pim_food/048513_00_1.jpg
https://www.carrefour.es/supermercado/gintonic-flor-de-sevilla-tanqueray-250-ml/R-VC4AECOMM-231782/p,Gin&Tonic Flor de Sevilla Tanqueray 250 ml.,"2,89 €",,"11,56 €/l",,Bebidas,Alcoholes,Ginebra,https://static.carrefour.es/hd_510x_/img_pim_food/231782_00_1.jpg
https://www.carrefour.es/supermercado/chocolate-negro-70-cacao-nestle-sin-azucar-anadido-115-g/R-prod810019/p,Chocolate negro 70% cacao Nestlé sin azúcar añadido 115 g.,"3,19 €",,"27,74 €/kg",,La Despensa,Dulce,Bombones y Chocolates,https://static.carrefour.es/hd_510x_/img_pim_food/991908_00_1.jpg
https://www.carrefour.es/supermercado/pizza-regina-carrefour-365-g/R-663701867/p,Pizza regina Carrefour 365 g.,"2,06 €",,"5,64 €/kg",,La Despensa,"Conservas, Sopas y Precocinados",Pizzas,https://static.carrefour.es/hd_510x_/img_pim_food/316055_00_1.jpg
https://www.carrefour.es/supermercado/cerveza-desperados-sabor-mojito-botella-33-cl/R-prod310094/p,Cerveza Desperados sabor mojito botella 33 cl.,"1,32 €",,"4,00 €/l",,Bebidas,Cerveza,Todas las Cervezas,https://static.carrefour.es/hd_510x_/img_pim_food/369764_00_1.jpg
https://www.carrefour.es/supermercado/aceitunas-verdes-rellenas-de-anchoa-la-espanola-sin-gluten-150-g/R-700809320/p,Aceitunas verdes rellenas de anchoa La Española sin gluten 150 g.,"2,35 €",,"15,67 €/kg",,La Despensa,Aperitivos,Aceitunas y Encurtidos,https://static.carrefour.es/hd_510x_/img_pim_food/444790_00_1.jpg
https://www.carrefour.es/supermercado/traseros-de-pollo-campero-circulo-de-calidad-500-g-aprox/R-prod460407/p,Traseros de pollo campero Círculo de Calidad 500 g aprox,"3,89 €",,"7,79 €/kg",,Productos Frescos,Carnicería,Aves y Pollo,https://static.carrefour.es/hd_510x_/img_pim_food/826988_00_1.jpg
https://www.carrefour.es/supermercado/tarrito-de-verduras-con-pollo-y-arroz-desde-6-meses-be-plus-sin-gluten-250-g/R-VC4AECOMM-599239/p,Tarrito de verduras con pollo y arroz desde 6 meses Be Plus sin gluten 250 g.,"0,95 €",,"3,80 €/kg",,Bebé,Alimentación infantil,Tarritos y Platos Preparados,https://static.carrefour.es/hd_510x_/img_pim_food/599239_00_1.jpg
https://www.carrefour.es/supermercado/ensalada-de-cangrejo-con-pina-carrefour-450-g/R-prod224752/p,Ensalada de cangrejo con piña Carrefour 450 g.,"2,99 €",,"6,64 €/kg",,La Despensa,"Conservas, Sopas y Precocinados",Platos Preparados,https://static.carrefour.es/hd_510x_/img_pim_food/277335_00_1.jpg
https://www.carrefour.es/supermercado/pure-de-patatas-con-bacon-carrefour-105-g/R-546306020/p,Puré de patatas con bacon Carrefour 105 g.,"1,33 €",,"12,67 €/kg",,La Despensa,"Conservas, Sopas y Precocinados","Caldos, Sopas y Pure",https://static.carrefour.es/hd_510x_/img_pim_food/109008_00_1.jpg
https://www.carrefour.es/supermercado/lima-metalica-para-unas-carrefour-soft-1-ud/R-VC4AECOMM-076033/p,Lima metálica para uñas Carrefour Soft 1 ud.,"1,93 €",,"1,93 €/ud",,Perfumería e Higiene,Cosmética,Accesorios de Maquillaje y Manicura y Pedicura,https://static.carrefour.es/hd_510x_/img_pim_food/076033_00_1.jpg
https://www.carrefour.es/supermercado/paleta-de-cebo-iberica-50-raza-iberica-en-lonchas-nico-150-g/R-VC4AECOMM-796860/p,Paleta de Cebo Ibérica 50% Raza Ibérica en lonchas Nico 150 g,"8,05 €",,"53,67 €/kg",,Productos Frescos,Charcutería,Jamón Serrano e Ibérico Envasado,https://static.carrefour.es/hd_510x_/img_pim_food/796860_00_1.jpg
https://www.carrefour.es/supermercado/nachos-totopos-mexifoods-sin-gluten-400-g/R-VC4AECOMM-405766/p,Nachos Totopos Mexifoods sin gluten 400 g.,"3,95 €",,"9,87 €/kg",,La Despensa,Aperitivos,Snacks,https://static.carrefour.es/hd_510x_/img_pim_food/405766_00_1.jpg
https://www.carrefour.es/supermercado/fideos-orientales-de-ternera-sensation-carrefour-65-g/R-VC4AECOMM-637232/p,Fideos orientales de ternera Sensation Carrefour 65 g.,"0,85 €",,"13,08 €/kg",,La Despensa,"Conservas, Sopas y Precocinados",Platos Preparados,https://static.carrefour.es/hd_510x_/img_pim_food/637232_00_1.jpg
https://www.carrefour.es/supermercado/pasta-espirales-integrales-de-tomate-y-espinacas-gallo-400-g/R-prod1160912/p,Pasta espirales integrales de tomate y espinacas Gallo 400 g.,"1,93 €",,"4,82 €/kg",,La Despensa,Alimentación,Pastas,https://static.carrefour.es/hd_510x_/img_pim_food/208992_00_1.jpg
https://www.carrefour.es/supermercado/cerveza-negra-guinnes-draught-00-lata-44-cl/R-VC4AECOMM-723970/p,"Cerveza negra Guinnes Draught 0,0 lata 44 cl.","4,09 €",,"9,30 €/l",,Bebidas,Cerveza,Todas las Cervezas,https://static.carrefour.es/hd_510x_/img_pim_food/723970_00_1.jpg
https://www.carrefour.es/supermercado/bebida-de-avena-ecologica-yosoy-sin-gluten-brik-1-l/R-prod580058/p,Bebida de avena ecológica YoSoy sin gluten brik 1 l.,"2,15 €",,"2,15 €/l
- 12,90 €/6 uds.",,La Despensa,Lácteos,Bebida Vegetal,https://static.carrefour.es/hd_510x_/img_pim_food/837604_00_1.jpg
https://www.carrefour.es/supermercado/chicle-sabor-fresa-dubble-bubble-sin-gluten-y-sin-azucar-85-g/R-VC4AECOMM-380862/p,Chicle sabor fresa Dubble Bubble sin gluten y sin azúcar 85 g.,"1,71 €",,"19,00 €/kg",,La Despensa,Dulce,Dulces y Golosinas,https://static.carrefour.es/hd_510x_/img_pim_food/380862_00_1.jpg
https://www.carrefour.es/supermercado/pizza-de-pollo-y-verduras-forno-di-pietra-buitoni-350-g/R-732408784/p,Pizza de pollo y verduras Forno di Pietra Buitoni 350 g.,"3,65 €",,"10,74 €/kg",,Congelados,Pizzas Congeladas,,https://static.carrefour.es/hd_510x_/img_pim_food/687878_00_1.jpg
https://www.carrefour.es/supermercado/suavizante-concentrado-lavanda-essential-carrefour-80-lavados/R-VC4AECOMM-372071/p,Suavizante concentrado lavanda Essential Carrefour 80 lavados.,"1,69 €",,"0,02 €/lavado",,Limpieza y Hogar,Cuidado de la Ropa,Suavizantes,https://static.carrefour.es/hd_510x_/img_pim_food/372071_00_1.jpg
https://www.carrefour.es/supermercado/bonito-del-norte-en-escabeche-de-nuestra-tierra-81-g/R-867400758/p,Bonito del norte en escabeche De Nuestra Tierra 81 g.,"3,19 €",,"39,38 €/kg",,La Despensa,"Conservas, Sopas y Precocinados",Conservas de Pescado y Marisco,https://static.carrefour.es/hd_510x_/img_pim_food/149378_00_1.jpg
https://www.carrefour.es/supermercado/ensalada-completa-cesar-light-con-pollo-y-queso-florette-205-g/R-prod971650/p,Ensalada completa César Light con pollo y queso Florette 205 g,"3,36 €",,"16,39 €/kg",,Productos Frescos,Verduras y hortalizas,Ensaladas y Verduras Preparadas,https://static.carrefour.es/hd_510x_/img_pim_food/068506_00_1.jpg
https://www.carrefour.es/supermercado/vino-blanco-elegido-1-l/R-520661430/p,Vino blanco Elegido 1 l.,"1,99 €",,"1,99 €/l",,Bebidas,Vinos,Blanco,https://static.carrefour.es/hd_510x_/img_pim_food/000169_00_1.jpg
https://www.carrefour.es/supermercado/cepillo-dental-3d-white-luxe-medio-oral-b-1-ud/R-750104038/p,Cepillo dental 3D White Luxe Medio Oral-B 1 ud.,"3,69 €",,"3,69 €/ud",,Perfumería e Higiene,Boca y Sonrisa,"Cepillos, Recambios y Accesorios",https://static.carrefour.es/hd_510x_/img_pim_food/759358_00_1.jpg
https://www.carrefour.es/supermercado/vino-blanco-the-pure-winery-75-cl/R-VC4AECOMM-477098/p,Pure The Winery Sin Azúcar Blanco,"13,19 €",,"13,19 €/ud",,Bebidas,Vinos,Vinos internacionales,https://static.carrefour.es/hd_510x_/img_pim_food/477098_00_1.jpg
https://www.carrefour.es/supermercado/baguettes-de-atun-carrefour-classic-262-g/R-VC4AECOMM-494227/p,Baguettes de atún Carrefour Classic 262 g.,"1,99 €",,"7,60 €/kg",,La Despensa,"Conservas, Sopas y Precocinados","Tortillas, Empanadillas y Sandwiches",https://static.carrefour.es/hd_510x_/img_pim_food/494227_00_1.jpg
https://www.carrefour.es/supermercado/leche-semidesnatada-ecologica-el-buen-pastor-brik-1-l/R-prod590748/p,Leche semidesnatada ecológica El Buen Pastor brik 1 l.,"1,90 €",,"1,90 €/l",,La Despensa,Lácteos,Leche,https://static.carrefour.es/hd_510x_/img_pim_food/840396_00_1.jpg
https://www.carrefour.es/supermercado/cake-chip-carrefour-el-mercado-550-g/R-prod130231/p,Cake Chip Carrefour El Mercado 550 g,"3,75 €",,"6,82 €/kg",,Productos Frescos,Panadería Tradicional,Bollería Tradicional,https://static.carrefour.es/hd_510x_/img_pim_food/230095_00_1.jpg
https://www.carrefour.es/supermercado/papilla-infantil-blevit-8-cereales-con-cacao-desde12-meses-500-g/R-VC4AECOMM-324647/p,Papilla infantil Blevit 8 cereales con cacao desde12 meses 500 g.,"10,79 €",,"21,58 €/kg",,Parafarmacia,Bebé,Papillas y Galletas,https://static.carrefour.es/hd_510x_/img_pim_food/324647_00_1.jpg
https://www.carrefour.es/supermercado/salsa-picante-sriracha-sabor-suave-tabasco-256-ml/R-fprod1460366/p,Salsa picante Sriracha sabor suave Tabasco 256 ml,"6,69 €",,"26,13 €/l",,La Despensa,Alimentación,Salsas y Tomate Frito,https://static.carrefour.es/hd_510x_/img_pim_food/399375_00_1.jpg
https://www.carrefour.es/supermercado/sistema-de-fregado-vileda-12-spray-max/R-VC4AECOMM-604792/p,Sistema de Fregado VILEDA 1.2 Spray Max,"31,00 €",,"31,00 €/ud",,Limpieza y Hogar,Utensilios de Limpieza,"Escobas, Mopas y Recogedores",https://static.carrefour.es/hd_510x_/img_pim_food/604792_00_1.jpg
https://www.carrefour.es/supermercado/semillas-de-chia-ecologica-tarrina-125-g/R-prod270994/p,Semillas de Chia ecológica tarrina 125 g,"1,72 €",,"13,76 €/kg",,La Despensa,Alimentación,Semillas,https://static.carrefour.es/hd_510x_/img_pim_food/299602_00_1.jpg
https://www.carrefour.es/supermercado/complemento-multivitaminico-en-capsulas-pronutri-30-ud/R-VC4AECOMM-475991/p,Complemento multivitamínico en cápsulas Pronutri 30 ud.,"4,79 €",,"299,37 €/kg",,La Despensa,Alimentación,Vitaminas y Complementos,https://static.carrefour.es/hd_510x_/img_pim_food/475991_00_1.jpg
https://www.carrefour.es/supermercado/salsa-chutney-de-mango-y-cebolla-la-vieja-fabrica-sin-gluten-tarro-280-g/R-VC4AECOMM-179461/p,Salsa chutney de mango y cebolla La Vieja Fábrica sin gluten tarro 280 g.,"3,19 €",,"11,39 €/kg",,La Despensa,Alimentación,Salsas y Tomate Frito,https://static.carrefour.es/hd_510x_/img_pim_food/179461_00_1.jpg
https://www.carrefour.es/supermercado/queso-azul-dauvergne-aop-reflets-de-france-125-g/R-VC4AECOMM-683546/p,Queso azul D´auvergne AOP Reflets de France 125 g,"2,85 €",,"22,80 €/kg",,Productos Frescos,Quesos,Azules y Roquefort,https://static.carrefour.es/hd_510x_/img_pim_food/683546_00_1.jpg
https://www.carrefour.es/supermercado/patatas-fritas-sabor-queso-cheddar-y-cebolla-roja-kettle-130-g/R-VC4AECOMM-354367/p,Patatas fritas sabor queso cheddar y cebolla roja Kettle 130 g.,"3,69 €",,"28,38 €/kg",,La Despensa,Aperitivos,Patatas Fritas,https://static.carrefour.es/hd_510x_/img_pim_food/354367_00_1.jpg
https://www.carrefour.es/supermercado/queso-en-taco-cheddar-bredam-250-g/R-VC4AECOMM-213611/p,Queso en taco cheddar Bredam 250 g.,"2,64 €",,"10,56 €/kg",,Productos Frescos,Quesos,Todos los Quesos,https://static.carrefour.es/hd_510x_/img_pim_food/213611_00_1.jpg
https://www.carrefour.es/supermercado/leche-hidrarizo-fructis200ml/R-529043491/p,LECHE HIDRA.RIZO FRUCTIS.200ML,"4,65 €",,"2,32 €/100ml",,Perfumería e Higiene,Cabello,Cuidado y Tratamientos del cabello,https://static.carrefour.es/hd_510x_/img_pim_food/703234_00_1.jpg
https://www.carrefour.es/supermercado/cerveza-tostada-turia-pack-12-latas-33-cl/R-VC4AECOMM-615790/p,Cerveza tostada Turia pack 12 latas 33 cl.,"10,65 €",,"2,69 €/l",,Bebidas,Cerveza,Tostada - Roja,https://static.carrefour.es/hd_510x_/img_pim_food/615790_00_1.jpg
https://www.carrefour.es/supermercado/mejillones-de-chile-en-escabeche-picante-orbe-69-g/R-VC4AECOMM-351483/p,Mejillones de Chile en escabeche picante Orbe 69 g.,"1,58 €",,"22,90 €/kg",,La Despensa,"Conservas, Sopas y Precocinados",Conservas de Pescado y Marisco,https://static.carrefour.es/hd_510x_/img_pim_food/351483_00_1.jpg
https://www.carrefour.es/supermercado/snack-para-perros-sabor-jabali-purina-adventuros-nuggets-300-g/R-VC4AECOMM-651278/p,Snack para perros sabor jabalí Purina Adventuros Nuggets 300 g,"4,89 €",,"16,30 €/kg",,Mascotas,Perros,"Premios, Snacks y Huesos",https://static.carrefour.es/hd_510x_/img_pim_food/651278_00_1.jpg
https://www.carrefour.es/supermercado/vino-blanco-albarino-pazo-san-mauro-do-rias-baixas-75-cl/R-prod350905/p,Pazo San Mauro Sin Crianza,"18,89 €",,"18,89 €/ud",,Bebidas,Vinos,Blanco,https://static.carrefour.es/hd_510x_/img_pim_food/417546_00_1.jpg
https://www.carrefour.es/supermercado/copa-con-nata-y-chocolate-carrefour-classic-200-g/R-VC4AECOMM-516491/p,Copa con nata y chocolate Carrefour Classic' 200 g.,"0,64 €",,"3,20 €/kg",,La Despensa,Yogures y Postres,"Natillas, Cremas y Copas",https://static.carrefour.es/hd_510x_/img_pim_food/516491_00_1.jpg
https://www.carrefour.es/supermercado/palmera-de-hojaldre-125-g-compra/R-prod90007/p,Palmera de hojaldre 125 g compra,"0,89 €",,"0,89 €/ud",,Productos Frescos,Panadería Tradicional,Bollería Tradicional,https://static.carrefour.es/hd_510x_/img_pim_food/264709_00_1.jpg
https://www.carrefour.es/supermercado/aceite-de-oliva-virgen-extra-de-nuestra-tierra-500-ml/R-521011996/p,Aceite de oliva virgen extra De Nuestra Tierra 500 ml.,"8,15 €",,"16,30 €/l",,La Despensa,Alimentación,Aceites y vinagres,https://static.carrefour.es/hd_510x_/img_pim_food/226657_00_1.jpg
https://www.carrefour.es/supermercado/yogur-sabor-frutos-del-bosque-danone-pack-de-4-unidades-de-120-g/R-VC4AECOMM-050650/p,Yogur sabor frutos del bosque Danone pack de 4 unidades de 120 g.,"0,99 €",,"2,06 €/kg",,La Despensa,Yogures y Postres,Yogur Natural y Sabores,https://static.carrefour.es/hd_510x_/img_pim_food/050650_00_1.jpg
https://www.carrefour.es/supermercado/pasta-spaghettoni-n-7-barilla-500-g/R-540201700/p,Pasta Spaghettoni nº 7 Barilla 500 g.,"1,59 €",,"3,18 €/kg",,La Despensa,Alimentación,Pastas,https://static.carrefour.es/hd_510x_/img_pim_food/002292_00_1.jpg
https://www.carrefour.es/supermercado/desodorante-en-spray-antitranspirante-48h-invisible-blackwhite-rexona-200-ml/R-628401889/p,Desodorante en spray antitranspirante 48h Invisible Black&White Rexona 200 ml.,"2,69 €",,"1,34 €/100ml",,Perfumería e Higiene,Baño e Higiene Corporal,Desodorantes,https://static.carrefour.es/hd_510x_/img_pim_food/805449_00_1.jpg
https://www.carrefour.es/supermercado/agua-mineral-natural-nestle-aquarel-8-l/R-VC4AECOMM-132822/p,Agua mineral natural Nestlé Aquarel 8 l.,"3,99 €",,"0,50 €/l",,Bebidas,Aguas y Zumos,Agua de más de 2 litros,https://static.carrefour.es/hd_510x_/img_pim_food/132822_00_1.jpg
https://www.carrefour.es/supermercado/ambientador-electrico-campos-de-lavanda-recambio-ambi-pur-1-ud/R-693502415/p,Ambientador eléctrico campos de lavanda recambio Ambi Pur 1 ud.,"4,65 €",,"4,65 €/ud",,Limpieza y Hogar,Ambientadores,Eléctricos,https://static.carrefour.es/hd_510x_/img_pim_food/081917_00_1.jpg
https://www.carrefour.es/supermercado/pasta-plumas-n-6-gallo-450-g/R-VC4AECOMM-636134/p,Pasta plumas nº 6 Gallo 450 g.,"1,41 €",,"3,13 €/kg",,La Despensa,Alimentación,Pastas,https://static.carrefour.es/hd_510x_/img_pim_food/636134_00_1.jpg
https://www.carrefour.es/supermercado/yogur-desnatado-de-stracciatella-con-extra-proteina-reina-sin-gluten-pack-de-4-unidades-de-120-g/R-VC4AECOMM-420612/p,Yogur desnatado de stracciatella con extra proteína Reina sin gluten pack de 4 unidades de 120 g.,"1,70 €",,"3,54 €/kg",,La Despensa,Yogures y Postres,Yogures Desnatados,https://static.carrefour.es/hd_510x_/img_pim_food/420612_00_1.jpg
https://www.carrefour.es/supermercado/tomate-frito-ecologico-pedro-luis-tarro-sin-gluten-340-g/R-prod100058/p,Tomate frito ecológico Pedro Luis tarro sin gluten 340 g.,"3,55 €",,"10,44 €/kg",,La Despensa,Alimentación,Salsas y Tomate Frito,https://static.carrefour.es/hd_510x_/img_pim_food/223768_00_1.jpg
https://www.carrefour.es/supermercado/pizza-de-pollo-y-bacon-casa-tarradellas-410-g/R-prod820301/p,Pizza de pollo y bacón Casa Tarradellas 410 g.,"3,29 €",,"8,02 €/kg",,La Despensa,"Conservas, Sopas y Precocinados",Pizzas,https://static.carrefour.es/hd_510x_/img_pim_food/264441_00_1.jpg
https://www.carrefour.es/supermercado/queso-en-lonchas-de-oveja-carrefour-200-g/R-521030535/p,Queso en lonchas de oveja Carrefour 200 g.,"3,09 €",,"15,45 €/kg",,Productos Frescos,Quesos,Curado,https://static.carrefour.es/hd_510x_/img_pim_food/584087_00_1.jpg
https://www.carrefour.es/supermercado/chocolate-relleno-de-galleta-oreo-milka-pack-de-3-unidades-de-100-g/R-VC4AECOMM-513190/p,Chocolate relleno de galleta Oreo Milka pack de 3 unidades de 100 g.,"4,29 €",,"14,30 €/kg",,La Despensa,Dulce,Bombones y Chocolates,https://static.carrefour.es/hd_510x_/img_pim_food/513190_00_1.jpg
https://www.carrefour.es/supermercado/tartines-crujientes-de-centeno-ecologicos-carrefour-bio-200-g/R-VC4AECOMM-424635/p,Tartines crujientes de centeno ecológicos Carrefour Bio 200 g.,"1,93 €",,"9,65 €/kg",,La Despensa,"Panaderia, Bollería y Pastelería","Pan tostado, Biscottes y Barritas",https://static.carrefour.es/hd_510x_/img_pim_food/424635_00_1.jpg
https://www.carrefour.es/supermercado/yogur-semidesnatado-liquido-de-fresa-carrefour-1-kg/R-fprod1210091/p,Yogur semidesnatado líquido de fresa Carrefour 1 kg.,"1,45 €",,"1,45 €/kg",,La Despensa,Yogures y Postres,Yogures Líquidos,https://static.carrefour.es/hd_510x_/img_pim_food/256883_00_1.jpg
https://www.carrefour.es/supermercado/gel-de-bano-para-la-piel-delicada-del-recien-nacido-cottontouch-johnsons-baby-500-ml/R-prod1070219/p,Gel de baño para la piel delicada del recién nacido Cottontouch Johnson's Baby 500 ml.,"5,29 €",,"1,06 €/100ml",,Bebé,Perfumería e Higiene,Jabón Líquido,https://static.carrefour.es/hd_510x_/img_pim_food/130589_00_1.jpg
https://www.carrefour.es/supermercado/lima-podologica-raspadurezas-carrefour-soft-1-ud/R-521001092/p,Lima podológica raspadurezas Carrefour Soft 1 ud.,"3,09 €",,"3,09 €/ud",,Perfumería e Higiene,Cosmética,Accesorios de Maquillaje y Manicura y Pedicura,https://static.carrefour.es/hd_510x_/img_pim_food/792878_00_1.jpg
https://www.carrefour.es/supermercado/gamba-pelada-salvaje-cruda-congelada-53-88-piezas-grand-krust-600-g/R-818615360/p,Gamba pelada salvaje cruda congelada 53/88 piezas Grand Krust 600 g.,"18,39 €","16,89 €","30,65 €/kg","28,15 €/kg",Congelados,Mariscos Congelados,,https://static.carrefour.es/hd_510x_/img_pim_food/951870_00_1.jpg
https://www.carrefour.es/supermercado/gel-de-agua-hidratacion-facial-para-pieles-normales-y-mixtas-hydro-boost-neutrogena-50-ml/R-prod520078/p,Gel de agua hidratación facial para pieles normales y mixtas Hydro Boost Neutrogena 50 ml.,"22,30 €",,"22,30 €/ud",,Parafarmacia,Cuidado e higiene facial,Cremas faciales,https://static.carrefour.es/hd_510x_/img_pim_food/832888_00_1.jpg
https://www.carrefour.es/supermercado/arroz-thai-jasmine-tilda-1-kg/R-VC4AECOMM-306162/p,Arroz thai jasmine Tilda 1 kg.,"3,56 €",,"3,56 €/kg",,La Despensa,Alimentación,Arroz y Cous Cous,https://static.carrefour.es/hd_510x_/img_pim_food/306162_00_1.jpg
https://www.carrefour.es/supermercado/mascarilla-capilar-3-en-1-hair-food-papaya-reparadora-para-cabello-danado-garnier-fructis-390-ml/R-prod650225/p,Mascarilla capilar 3 en 1 Hair Food papaya reparadora para cabello dañado Garnier-Fructis 390 ml.,"6,35 €",,"1,59 €/100ml",,Perfumería e Higiene,Cabello,Cuidado y Tratamientos del cabello,https://static.carrefour.es/hd_510x_/img_pim_food/844591_00_1.jpg
https://www.carrefour.es/supermercado/pasta-fusilli-integral-barilla-500-g/R-fprod1190197/p,Pasta fusilli integral Barilla 500 g.,"2,19 €",,"4,38 €/kg",,La Despensa,Alimentación,Pastas,https://static.carrefour.es/hd_510x_/img_pim_food/236939_00_1.jpg
https://www.carrefour.es/supermercado/queso-griego-light-hotos-150-g/R-VC4AECOMM-677020/p,Queso griego light Hotos 150 g.,"4,17 €",,"27,80 €/kg",,Productos Frescos,Quesos,Todos los Quesos,https://static.carrefour.es/hd_510x_/img_pim_food/677020_00_1.jpg
https://www.carrefour.es/supermercado/infusion-de-frutas-del-bosque-en-piramides-cuida-te-20-ud/R-VC4AECOMM-449523/p,Infusión de frutas del bosque en pirámides Cuida Té 20 ud.,"2,79 €",,"69,75 €/kg",,La Despensa,Desayuno,Infusiones y Tés,https://static.carrefour.es/hd_510x_/img_pim_food/449523_00_1.jpg
https://www.carrefour.es/supermercado/aceite-argan-100-puro-ecologico-arganour-50-ml/R-prod62813/p,Aceite argán 100% puro ecológico Arganour 50 ml.,"8,95 €",,"17,90 €/100ml",,Parafarmacia,Cuidado corporal,Cremas y Lociones,https://static.carrefour.es/hd_510x_/img_pim_food/096845_00_1.jpg
https://www.carrefour.es/supermercado/cerveza-el-aguila-sin-filtrar-lata-50-cl/R-VC4AECOMM-216406/p,Cerveza El Águila sin filtrar lata 50 cl.,"1,61 €",,"3,22 €/l",,Bebidas,Cerveza,Todas las Cervezas,https://static.carrefour.es/hd_510x_/img_pim_food/216406_00_1.jpg
https://www.carrefour.es/supermercado/edulcorante-eritritol-y-glucosidos-de-esteviol-carrefour-40-ud/R-prod310398/p,Edulcorante eritritol y glucósidos de esteviol Carrefour 40 ud.,"1,55 €",,"3,87 €/100g",,La Despensa,Desayuno,Azúcar y Edulcorantes,https://static.carrefour.es/hd_510x_/img_pim_food/375036_00_1.jpg
https://www.carrefour.es/supermercado/surtido-de-galletas-zero-gullon-sin-azucar-anadido-319-g/R-VC4AECOMM-440758/p,Surtido de galletas Zero Gullón sin azúcar añadido 319 g.,"5,45 €",,"17,08 €/kg",,La Despensa,Desayuno,Galletas,https://static.carrefour.es/hd_510x_/img_pim_food/440758_00_1.jpg
https://www.carrefour.es/supermercado/preparado-de-soja-fermentado-fresa-platano-y-melocoton-pera-alpro-danone-sin-gluten-y-sin-lactosa-pack-de-4-unidades-de-125-g/R-VC4AECOMM-384263/p,Preparado de soja fermentado fresa-plátano y melocotón-pera Alpro Danone sin gluten y sin lactosa pack de 4 unidades de 125 g.,"2,79 €",,"5,58 €/kg",,La Despensa,Yogures y Postres,Yogur Natural y Sabores,https://static.carrefour.es/hd_510x_/img_pim_food/384263_00_1.jpg
https://www.carrefour.es/supermercado/pechuga-de-pollo-campero-fileteada-circulo-de-calidad-500-g-aprox/R-prod460402/p,Pechuga de pollo campero fileteada Círculo de Calidad 500 g aprox,"7,44 €",,"14,89 €/kg",,Productos Frescos,Carnicería,Aves y Pollo,https://static.carrefour.es/hd_510x_/img_pim_food/826982_00_1.jpg
https://www.carrefour.es/supermercado/queso-iberico-viejo-extra-carrefour-cuna-270-g/R-VC4AECOMM-080579/p,Queso ibérico viejo Extra Carrefour cuña 270 g.,"5,49 €",,"20,33 €/kg",,Productos Frescos,Quesos,Curado,https://static.carrefour.es/hd_510x_/img_pim_food/080579_00_1.jpg
https://www.carrefour.es/supermercado/aperitivo-vegetal-ecologico-ecocesta-70-g/R-prod66412/p,Aperitivo vegetal ecológico Ecocesta 70 g.,"2,79 €",,"39,86 €/kg",,La Despensa,Aperitivos,Snacks,https://static.carrefour.es/hd_510x_/img_pim_food/207893_00_1.jpg
https://www.carrefour.es/supermercado/langostino-crudo-ecologico-congelado-carrefour-bio-700-g/R-VC4AECOMM-430962/p,Langostino crudo ecológico congelado Carrefour Bio 700 g,"8,55 €",,"12,21 €/kg",,,,,https://static.carrefour.es/hd_510x_/img_pim_food/430962_00_1.jpg
https://www.carrefour.es/supermercado/sobaos-la-bella-easo-24-ud/R-VC4AECOMM-731247/p,Sobaos La Bella Easo 24 ud.,"4,35 €",,"10,07 €/kg",,La Despensa,"Panaderia, Bollería y Pastelería",Bollería,https://static.carrefour.es/hd_510x_/img_pim_food/731247_00_1.jpg
https://www.carrefour.es/supermercado/pina-partida-del-monte-1kg-aprox/R-prod580015/p,Piña partida del Monte 1Kg aprox,"2,54 €","2,14 €","2,54 €/kg","2,14 €/kg",Productos Frescos,Frutas,"Piñas, Kiwis, Aguacates y Tropicales",https://static.carrefour.es/hd_510x_/img_pim_food/837598_00_1.jpg
https://www.carrefour.es/supermercado/crema-de-noche-hidratante-nenufar-blanco-ecologico-nectar-of-bio-les-comestique-50-ml/R-VC4AECOMM-493869/p,Crema de noche hidratante nenúfar blanco ecológico Nectar Of Bio Les Comestique 50 ml.,"6,75 €",,"13,50 €/100ml",,Perfumería e Higiene,Cosmética,Rostro,https://static.carrefour.es/hd_510x_/img_pim_food/493869_00_1.jpg
https://www.carrefour.es/supermercado/bolitas-de-cereales-crujientes-banadas-en-chocolate-con-leche-nestle-extrafino-140-g/R-VC4AECOMM-177420/p,Bolitas de cereales crujientes bañadas en chocolate con leche Nestlé Extrafino 140 g.,"2,95 €",,"21,07 €/kg",,La Despensa,Dulce,Bombones y Chocolates,https://static.carrefour.es/hd_510x_/img_pim_food/177420_00_1.jpg
https://www.carrefour.es/supermercado/pak-choi-carrefour-a-granel-1-kg-aprox/R-VC4AECOMM-017434/p,Pak Choi Carrefour a granel 1 kg aprox,"1,48 €",,"2,96 €/kg",,Productos Frescos,Verduras y hortalizas,Hortalizas,https://static.carrefour.es/hd_510x_/img_pim_food/017434_00_1.jpg
https://www.carrefour.es/supermercado/aceite-capilar-enriquecido-con-argan-suave-liso-pantene-pro-v-100-ml/R-VC4AECOMM-611180/p,Aceite capilar enriquecido con argán Suave & Liso Pantene Pro-V 100 ml.,"9,59 €",,"9,59 €/100ml",,Perfumería e Higiene,Cabello,Cuidado y Tratamientos del cabello,https://static.carrefour.es/hd_510x_/img_pim_food/611180_00_1.jpg
https://www.carrefour.es/supermercado/tortitas-de-arroz-integral-sabor-yogur-vitalday-gullon-sin-gluten-125-g/R-VC4AECOMM-449766/p,Tortitas de arroz integral sabor yogur Vitalday Gullón sin gluten 125 g.,"2,19 €",,"17,52 €/kg",,La Despensa,Aperitivos,Tortitas,https://static.carrefour.es/hd_510x_/img_pim_food/449766_00_1.jpg
https://www.carrefour.es/supermercado/mermelada-de-melocoton-ecologica-carrefour-bio-350-g/R-fprod1270195/p,Mermelada de melocotón ecológica Carrefour Bio 350 g.,"2,95 €",,"8,43 €/kg",,,,,https://static.carrefour.es/hd_510x_/img_pim_food/325852_00_1.jpg
https://www.carrefour.es/supermercado/bebida-espirituosa-soberano-1-l/R-526600640/p,Bebida espirituosa Soberano 1 l.,"10,15 €",,"10,15 €/l",,,,,https://static.carrefour.es/hd_510x_/img_pim_food/123133_00_1.jpg
https://www.carrefour.es/supermercado/sardinas-en-aceite-de-oliva-con-limon-minerva-85-g/R-prod1160167/p,Sardinas en aceite de oliva con limón Minerva 85 g.,"2,69 €",,"31,65 €/kg",,La Despensa,"Conservas, Sopas y Precocinados",Conservas de Pescado y Marisco,https://static.carrefour.es/hd_510x_/img_pim_food/065686_00_1.jpg
https://www.carrefour.es/supermercado/leche-fermentada-desnatada-con-fresa-proteina-danone-265-ml/R-VC4AECOMM-384399/p,Leche fermentada desnatada con fresa +Proteína Danone 265 ml.,"1,69 €",,"6,26 €/kg",,La Despensa,Yogures y Postres,Yogures Líquidos,https://static.carrefour.es/hd_510x_/img_pim_food/384399_00_1.jpg
https://www.carrefour.es/supermercado/berberechos-al-natural-cabo-de-penas-90-g/R-521006446/p,Berberechos al natural Cabo de Peñas 90 g.,"5,85 €",,"65,00 €/kg",,La Despensa,"Conservas, Sopas y Precocinados",Conservas de Pescado y Marisco,https://static.carrefour.es/hd_510x_/img_pim_food/034371_00_1.jpg
https://www.carrefour.es/supermercado/tampones-con-aplicador-normal-carrefour-32-ud/R-521000528/p,Tampones con aplicador Normal Carrefour 32 ud.,"3,55 €",,"0,11 €/ud",,Perfumería e Higiene,Higiene íntima,Tampones,https://static.carrefour.es/hd_510x_/img_pim_food/662605_00_1.jpg
https://www.carrefour.es/supermercado/semillas-de-lino-girasol-calabaza-chia-y-bayas-de-goji-molidas-ecologico-linwoods-sin-gluten-200-g/R-759007973/p,"Semillas de lino, girasol, calabaza, chía y bayas de Goji molidas ecológico Linwoods sin gluten 200 g.","5,80 €",,"29,00 €/kg",,La Despensa,Desayuno,Cereales,https://static.carrefour.es/hd_510x_/img_pim_food/767764_00_1.jpg
https://www.carrefour.es/supermercado/panales-carrefour-baby-ultra-dry-talla-3-4-9-kg-104-ud/R-prod970004/p,Pañales Carrefour Baby Ultra Dry Talla 3 (4-9 kg) 104 ud.,"16,49 €",,"0,16 €/ud",,Bebé,Pañales y Toallitas,Pañales Carrefour Baby,https://static.carrefour.es/hd_510x_/img_pim_food/051800_00_1.jpg
https://www.carrefour.es/supermercado/bizcocho-con-pepitas-de-chocolate-con-leche-y-relleno-de-chocolate-milka-350-g/R-VC4AECOMM-246115/p,Bizcocho con pepitas de chocolate con leche y relleno de chocolate Milka 350 g.,"5,69 €",,"16,26 €/kg",,La Despensa,"Panaderia, Bollería y Pastelería",Bollería,https://static.carrefour.es/hd_510x_/img_pim_food/246115_00_1.jpg
https://www.carrefour.es/supermercado/cafe-house-blend-en-capsulas-starbucks-compatible-con-dolce-gusto-12-unidades-de-10-g/R-prod1161127/p,Café house blend en cápsulas Starbucks compatible con Dolce Gusto 12 unidades de 10 g.,"5,25 €",,"43,75 €/kg",,,,,https://static.carrefour.es/hd_510x_/img_pim_food/213175_00_1.jpg
https://www.carrefour.es/supermercado/cacao-soluble-con-trocitos-de-galleta-jungly-nesquik-200-g/R-VC4AECOMM-439292/p,Cacao soluble con trocitos de galleta Jungly Nesquik 200 g.,"4,85 €",,"24,25 €/kg",,La Despensa,Desayuno,Cacaos y Cereales Solubles,https://static.carrefour.es/hd_510x_/img_pim_food/439292_00_1.jpg
https://www.carrefour.es/supermercado/membrillo-de-nuestra-tierra-sin-gluten-310-g/R-819256858/p,Membrillo De Nuestra Tierra sin gluten 310 g.,"4,25 €",,"13,71 €/kg",,La Despensa,Dulce,"Mermeladas, Membrillos y Compotas",https://static.carrefour.es/hd_510x_/img_pim_food/950939_00_1.jpg
https://www.carrefour.es/supermercado/aceitunas-verdes-rellenas-de-anchoa-serpis-150-g/R-521003875/p,Aceitunas verdes rellenas de anchoa Serpis 150 g.,"2,55 €",,"17,00 €/kg",,La Despensa,Aperitivos,Aceitunas y Encurtidos,https://static.carrefour.es/hd_510x_/img_pim_food/447233_00_1.jpg
https://www.carrefour.es/supermercado/tomate-frito-con-aceite-de-oliva-virgen-extra-orlando-sin-gluten-pack-de-3-briks-de-212-g/R-526539423/p,Tomate frito con aceite de oliva virgen extra Orlando sin gluten pack de 3 briks de 212 g.,"3,29 €",,"5,17 €/kg",,La Despensa,Alimentación,Salsas y Tomate Frito,https://static.carrefour.es/hd_510x_/img_pim_food/796048_00_1.jpg
https://www.carrefour.es/supermercado/arroz-con-leche-dhul-sin-gluten-sin-lactosa-pack-de-2-unidades-de-130-g/R-796400301/p,Arroz con leche Dhul sin gluten sin lactosa pack de 2 unidades de 130 g.,"1,55 €",,"5,96 €/kg",,La Despensa,Yogures y Postres,Otros Postres,https://static.carrefour.es/hd_510x_/img_pim_food/897841_00_1.jpg
https://www.carrefour.es/supermercado/sardinas-en-salsa-de-tomate-albo-sin-gluten-y-sin-lactosa-82-g/R-VC4AECOMM-411173/p,Sardinas en salsa de tomate Albo sin gluten y sin lactosa 82 g,"2,35 €",,"28,66 €/kg",,La Despensa,"Conservas, Sopas y Precocinados",Conservas de Pescado y Marisco,https://static.carrefour.es/hd_510x_/img_pim_food/411173_00_1.jpg
https://www.carrefour.es/supermercado/mantequilla-facil-de-untar-ligeramente-salada-lurpak-200-g/R-VC4AECOMM-747323/p,Mantequilla fácil de untar ligeramente salada Lurpak 200 g.,"4,19 €",,"20,95 €/kg",,La Despensa,Lácteos,Mantequillas y Margarinas,https://static.carrefour.es/hd_510x_/img_pim_food/747323_00_1.jpg
https://www.carrefour.es/supermercado/colas-de-langostino-carrefour-el-mercado-280-g/R-VC4AECOMM-083643/p,Colas de Langostino Carrefour El Mercado 280 g,"4,95 €",,"17,68 €/kg",,Productos Frescos,Pescadería,Preparados y elaborados de Pescado y Marisco,https://static.carrefour.es/hd_510x_/img_pim_food/083643_00_1.jpg
https://www.carrefour.es/supermercado/fideos-orientales-yatekomo-hotspicy-gallina-blanca-60-g/R-fprod1350147/p,Fideos orientales Yatekomo hot&spicy Gallina Blanca 60 g.,"1,52 €",,"25,33 €/kg",,La Despensa,"Conservas, Sopas y Precocinados",Platos Preparados,https://static.carrefour.es/hd_510x_/img_pim_food/337393_00_1.jpg
https://www.carrefour.es/supermercado/pan-crujiente-schar-sin-gluten-y-sin-lactosa-150-g/R-651303653/p,Pan crujiente Schär sin gluten y sin lactosa 150 g.,"2,99 €",,"19,93 €/kg",,La Despensa,"Panaderia, Bollería y Pastelería",Especialidades de pan,https://static.carrefour.es/hd_510x_/img_pim_food/815266_00_1.jpg
https://www.carrefour.es/supermercado/arroz-con-leche-carrefour-sin-gluten-140-g/R-521029904/p,Arroz con leche Carrefour sin gluten 140 g.,"1,41 €",,"10,07 €/kg",,La Despensa,Yogures y Postres,Otros Postres,https://static.carrefour.es/hd_510x_/img_pim_food/233000_00_1.jpg
https://www.carrefour.es/supermercado/pilas-alcalinas-c-duracell-plus-paquete-de-2/R-717313944/p,"Pilas Alcalinas C Duracell Plus, paquete de 2","5,79 €",,"2,89 €/ud",,Limpieza y Hogar,Bazar,Pilas,https://static.carrefour.es/hd_510x_/img_pim_food/440458_00_1.jpg
https://www.carrefour.es/supermercado/butifarra-negra-de-matanza-pena-cruz-400-g/R-prod224712/p,Butifarra negra de matanza Peña Cruz 400 g,"4,45 €",,"12,36 €/kg",,Productos Frescos,Charcutería,Mortadela y Chopped,https://static.carrefour.es/hd_510x_/img_pim_food/086244_00_1.jpg
https://www.carrefour.es/supermercado/tejas-de-tolosa-casa-eceiza-125-g/R-638702001/p,Tejas de Tolosa Casa Eceiza 125 g.,"4,59 €",,"36,72 €/kg",,La Despensa,Desayuno,Galletas,https://static.carrefour.es/hd_510x_/img_pim_food/366531_00_1.jpg
https://www.carrefour.es/supermercado/espumoso-sabor-naranja-opera-prima-lata-33-cl/R-VC4AECOMM-358363/p,Espumoso sabor naranja Opera Prima lata 33 cl.,"1,35 €",,"1,35 €/ud",,,,,https://static.carrefour.es/hd_510x_/img_pim_food/358363_00_1.jpg
https://www.carrefour.es/supermercado/te-verde-kombucha-con-jengibre-y-limon-en-bolsitas-hornimans-20-ud/R-VC4AECOMM-599943/p,Té verde kombucha con jengibre y limón en bolsitas Hornimans 20 ud.,"2,99 €",,"99,67 €/kg",,La Despensa,Desayuno,Infusiones y Tés,https://static.carrefour.es/hd_510x_/img_pim_food/599943_00_1.jpg
https://www.carrefour.es/supermercado/azucar-blanco-de-cana-ecologico-azucarera-750-g/R-521004593/p,Azúcar blanco de caña ecológico Azucarera 750 g.,"3,75 €",,"5,00 €/kg",,La Despensa,Desayuno,Azúcar y Edulcorantes,https://static.carrefour.es/hd_510x_/img_pim_food/793049_00_1.jpg
https://www.carrefour.es/supermercado/cafe-molido-natural-crema-e-gusto-lavazza-250-g/R-777106392/p,Café molido natural Crema e Gusto Lavazza 250 g.,"4,35 €",,"17,40 €/kg",,La Despensa,Desayuno,Cafés,https://static.carrefour.es/hd_510x_/img_pim_food/789086_00_1.jpg
https://www.carrefour.es/supermercado/vino-rosado-garnacha-ecologico-el-hayedo-doca-rioja-75-cl/R-VC4AECOMM-526180/p,El Hayedo 2022,"5,19 €",,"5,19 €/ud",,,,,https://static.carrefour.es/hd_510x_/img_pim_food/526180_00_1.jpg
https://www.carrefour.es/supermercado/crema-de-manos-urea-repair-plus-eucerin-pack-de-2-unidades-de-75-ml/R-prod490134/p,Crema de manos Urea Repair Plus Eucerin pack de 2 unidades de 75 ml.,"11,65 €",,"7,77 €/100ml",,Parafarmacia,Cuidado de manos y pies,Crema de Manos,https://static.carrefour.es/hd_510x_/img_pim_food/830703_00_1.jpg
https://www.carrefour.es/supermercado/pote-gallego-litoral-sin-gluten-430-g/R-521006715/p,Pote gallego Litoral sin gluten 430 g.,"3,29 €",,"7,65 €/kg",,La Despensa,"Conservas, Sopas y Precocinados",Platos Tradicionales,https://static.carrefour.es/hd_510x_/img_pim_food/028779_00_1.jpg
https://www.carrefour.es/supermercado/aceitunas-verdes-rellenas-de-anchoa-sabor-suave-la-espanola-sin-gluten-130-g/R-521003873/p,Aceitunas verdes rellenas de anchoa sabor suave La Española sin gluten 130 g.,"2,59 €",,"19,92 €/kg",,La Despensa,Aperitivos,Aceitunas y Encurtidos,https://static.carrefour.es/hd_510x_/img_pim_food/449448_00_1.jpg
https://www.carrefour.es/supermercado/pan-de-molde-sin-azucar-anadido-bimbo-430-g/R-prod870001/p,Pan de molde sin azúcar añadido Bimbo 430 g.,"1,59 €",,"3,70 €/kg",,La Despensa,"Panaderia, Bollería y Pastelería",Pan de Molde,https://static.carrefour.es/hd_510x_/img_pim_food/391434_00_1.jpg
https://www.carrefour.es/supermercado/yogur-desnatado-sabor-fresa-danone-vitalinea-sin-azucar-anadido-pack-de-4-unidades-de-120-g/R-521029497/p,Yogur desnatado sabor fresa Danone Vitalinea sin azúcar añadido pack de 4 unidades de 120 g.,"2,05 €",,"4,27 €/kg",,La Despensa,Yogures y Postres,Yogur Natural y Sabores,https://static.carrefour.es/hd_510x_/img_pim_food/002932_00_1.jpg
https://www.carrefour.es/supermercado/lavavajillas-a-maquina-en-pastillas-ultimate-finish-quantum-40-ud/R-VC4AECOMM-366763/p,Lavavajillas a máquina en pastillas Ultimate Finish Quantum 40 ud.,"20,70 €",,"0,52 €/lavado",,Limpieza y Hogar,Productos para Cocina,Lavavajillas a máquina,https://static.carrefour.es/hd_510x_/img_pim_food/366763_00_1.jpg
https://www.carrefour.es/supermercado/caldo-natural-de-pescado-aneto-sin-gluten-y-sin-lactosa-brik-1-l/R-521005784/p,Caldo natural de pescado Aneto sin gluten y sin lactosa brik 1 l.,"5,09 €",,"5,09 €/l",,La Despensa,"Conservas, Sopas y Precocinados","Caldos, Sopas y Pure",https://static.carrefour.es/hd_510x_/img_pim_food/607002_00_1.jpg
https://www.carrefour.es/supermercado/coulant-de-chocolate-extra-carrefour-180-g/R-VC4AECOMM-453965/p,Coulant de chocolate Extra Carrefour 180 g.,"2,39 €",,"11,95 €/kg",,Congelados,Helados,Tartas Heladas,https://static.carrefour.es/hd_510x_/img_pim_food/453965_00_1.jpg
https://www.carrefour.es/supermercado/tinte-permanente-tono-81-rubio-claro-ceniza-excellence-creme-loreal-paris-1-ud/R-521007993/p,Tinte permanente tono 8.1 rubio claro ceniza Excellence Creme L'Oréal Paris 1 ud.,"8,89 €",,"8,89 €/ud",,Perfumería e Higiene,Cabello,Tinte,https://static.carrefour.es/hd_510x_/img_pim_food/000963_00_1.jpg
https://www.carrefour.es/supermercado/preparado-para-crema-catalana-royal-120-g/R-521004432/p,Preparado para crema catalana Royal 120 g.,"1,94 €",,"16,17 €/kg",,La Despensa,Dulce,Repostería,https://static.carrefour.es/hd_510x_/img_pim_food/045703_00_1.jpg
https://www.carrefour.es/supermercado/queso-mini-de-cabra-al-pimenton-carrefour-extra-400-g/R-VC4AECOMM-679684/p,Queso mini de cabra al pimentón Carrefour Extra 400 g,"9,49 €",,"23,73 €/kg",,Productos Frescos,Quesos,Curado,https://static.carrefour.es/hd_510x_/img_pim_food/679684_00_1.jpg
https://www.carrefour.es/supermercado/agua-mineral-natural-nestle-aquarel-tapon-deportivo-33-cl/R-521028175/p,Agua mineral natural Nestlé Aquarel tapón deportivo 33 cl.,"0,54 €",,"1,64 €/l
- 4,32 €/8 uds.",,Bebidas,Aguas y Zumos,"Agua hasta 0,75 litros",https://static.carrefour.es/hd_510x_/img_pim_food/263534_00_1.jpg
https://www.carrefour.es/supermercado/la-gula-del-norte-con-gambas-al-ajillo-pack-de-2x135-g/R-699408756/p,La Gula del Norte con gambas al ajillo pack de 2x135 g,"6,90 €",,"26,54 €/kg",,Productos Frescos,Pescadería,Surimi y Elaborados,https://static.carrefour.es/hd_510x_/img_pim_food/746663_00_1.jpg
https://www.carrefour.es/supermercado/chocolate-negro-72-cacao-especial-postres-carrefour-original-sin-gluten-y-sin-azucar-anadido-200-g/R-prod71047/p,Chocolate negro 72% cacao especial postres Carrefour Original sin gluten y sin azúcar añadido 200 g.,"3,39 €",,"16,95 €/kg",,La Despensa,Dulce,Bombones y Chocolates,https://static.carrefour.es/hd_510x_/img_pim_food/355935_00_1.jpg
https://www.carrefour.es/supermercado/colutorio-clorhexidina-lacer-500-ml/R-590507958/p,Colutorio Clorhexidina Lacer 500 ml.,"9,79 €",,"1,96 €/100ml",,Parafarmacia,Higiene Bucal,Colutorio,https://static.carrefour.es/hd_510x_/img_pim_food/548436_00_1.jpg
https://www.carrefour.es/supermercado/zumo-de-naranja-simon-life-botella-15-l/R-521030004/p,"Zumo de naranja Simon Life botella 1,5 l.","1,85 €",,"1,23 €/l",,Bebidas,Aguas y Zumos,Zumos no Refrigerados,https://static.carrefour.es/hd_510x_/img_pim_food/372679_00_1.jpg
https://www.carrefour.es/supermercado/garbanzo-categoria-extra-luengo-1-kg/R-522713774/p,Garbanzo categoría extra Luengo 1 kg.,"4,23 €",,"4,23 €/kg",,La Despensa,Alimentación,Legumbres,https://static.carrefour.es/hd_510x_/img_pim_food/037769_00_1.jpg
https://www.carrefour.es/supermercado/spray-de-propolis-y-equinaea-pronutri-sin-gluten-y-sin-azucar-anadido-20-ml/R-VC4AECOMM-475986/p,Spray de própolis y equinaea Pronutri sin gluten y sin azúcar añadido 20 ml.,"4,05 €",,"202,50 €/l",,La Despensa,Alimentación,Vitaminas y Complementos,https://static.carrefour.es/hd_510x_/img_pim_food/475986_00_1.jpg
https://www.carrefour.es/supermercado/ensalada-completa-cesar-con-pollo-y-queso-florette-205-g/R-719504433/p,Ensalada completa César con pollo y queso Florette 205 g,"3,36 €",,"16,39 €/kg",,Productos Frescos,Verduras y hortalizas,Ensaladas y Verduras Preparadas,https://static.carrefour.es/hd_510x_/img_pim_food/319665_00_1.jpg
https://www.carrefour.es/supermercado/pan-de-molde-integral-sin-corteza-bimbo-silueta-450-g/R-521007166/p,Pan de molde integral sin corteza Bimbo Silueta 450 g.,"2,95 €",,"6,56 €/kg",,La Despensa,"Panaderia, Bollería y Pastelería",Pan de Molde,https://static.carrefour.es/hd_510x_/img_pim_food/446473_00_1.jpg
https://www.carrefour.es/supermercado/tarta-de-queso-carrefour-original-sin-gluten-180-g/R-VC4AECOMM-675896/p,Tarta de queso Carrefour Original sin gluten 180 g.,"1,80 €",,"10,00 €/kg",,La Despensa,Yogures y Postres,Otros Postres,https://static.carrefour.es/hd_510x_/img_pim_food/675896_00_1.jpg
https://www.carrefour.es/supermercado/desodorante-roll-on-te-verde-organic-byly-50-ml/R-520664875/p,Desodorante roll-on té verde Organic Byly 50 ml.,"2,19 €",,"4,38 €/100ml",,Perfumería e Higiene,Baño e Higiene Corporal,Desodorantes,https://static.carrefour.es/hd_510x_/img_pim_food/238129_00_1.jpg
https://www.carrefour.es/supermercado/zumo-multifrutas-carrefour-exprimido-brik-1-l/R-521030022/p,Zumo multifrutas Carrefour exprimido brik 1 l.,"1,79 €",,"1,79 €/l",,Bebidas,Aguas y Zumos,Zumos Refrigerados,https://static.carrefour.es/hd_510x_/img_pim_food/014107_00_1.jpg
https://www.carrefour.es/supermercado/dentifrico-para-dientes-sensibles-proteccion-diaria-sensodyne-75-ml/R-521000246/p,Dentífrico para dientes sensibles Protección Diaria Sensodyne 75 ml.,"3,95 €",,"5,27 €/100ml",,Perfumería e Higiene,Boca y Sonrisa,Dentífricos,https://static.carrefour.es/hd_510x_/img_pim_food/001362_00_1.jpg
https://www.carrefour.es/supermercado/cerveza-el-leon-clasica-lata-33-cl/R-VC4AECOMM-412377/p,Cerveza El León clásica lata 33 cl.,"0,43 €","0,33 €","1,30 €/l","1,00 €/l",Bebidas,Cerveza,Todas las Cervezas,https://static.carrefour.es/hd_510x_/img_pim_food/412377_00_1.jpg
https://www.carrefour.es/supermercado/bolsita-de-manzana-fresa-platano-y-arandanos-ecologica-hero-solo-sin-gluten-pack-de-4-unidades-de-100-g/R-VC4AECOMM-445598/p,"Bolsita de manzana, fresa, plátano y arándanos ecológica Hero Solo sin gluten pack de 4 unidades de 100 g.","6,15 €",,"15,37 €/kg",,Bebé,Alimentación infantil,"Postres, Zumos, Petit y Yogures Infantiles",https://static.carrefour.es/hd_510x_/img_pim_food/445598_00_1.jpg
https://www.carrefour.es/supermercado/langostillos-al-natural-classic-carrefour-45-g/R-fprod1460073/p,Langostillos al natural Classic Carrefour 45 g.,"3,79 €",,"84,22 €/kg",,La Despensa,"Conservas, Sopas y Precocinados",Conservas de Pescado y Marisco,https://static.carrefour.es/hd_510x_/img_pim_food/714014_00_1.jpg
https://www.carrefour.es/supermercado/vitamina-c-con-zinc-sabor-naranja-pronutri-80-ud/R-VC4AECOMM-494167/p,Vitamina C con zinc sabor naranja Pronutri 80 ud.,"2,19 €",,"27,37 €/kg",,La Despensa,Alimentación,Vitaminas y Complementos,https://static.carrefour.es/hd_510x_/img_pim_food/494167_00_1.jpg
https://www.carrefour.es/supermercado/lote-de-5-carpetas-con-solapas/R-fprod1280171/p,Lote de 5 Carpetas con Solapas,"4,99 €",,"1,00 €/ud",,Limpieza y Hogar,Papelería,Cuadernos y Carpetas,https://static.carrefour.es/hd_510x_/img_pim_food/301141_00_1.jpg
https://www.carrefour.es/supermercado/menestra-de-verduras-carretilla-sin-gluten-300-g/R-521006775/p,Menestra de verduras Carretilla sin gluten 300 g.,"3,35 €",,"11,17 €/kg",,La Despensa,"Conservas, Sopas y Precocinados",Platos Preparados,https://static.carrefour.es/hd_510x_/img_pim_food/067955_00_1.jpg
https://www.carrefour.es/supermercado/vela-perfumada-frutos-silvestres-carrefour-essential-1-ud/R-VC4AECOMM-547121/p,Vela perfumada frutos silvestres Carrefour Essential 1 ud.,"1,79 €",,"1,79 €/ud",,Limpieza y Hogar,Ambientadores,Decorativos,https://static.carrefour.es/hd_510x_/img_pim_food/547121_00_1.jpg
https://www.carrefour.es/supermercado/fuet-extra-dolot-en-canitas-espuna-50-g/R-625801630/p,Fuet extra D'olot en cañitas Espuña 50 g,"1,89 €",,"31,50 €/kg",,Productos Frescos,Charcutería,"Salchichón, Salami y Fuet",https://static.carrefour.es/hd_510x_/img_pim_food/802590_00_1.jpg
https://www.carrefour.es/supermercado/filete-de-melva-en-aceite-de-oliva-extra-carrefour-85-g/R-VC4AECOMM-127515/p,Filete de melva en aceite de oliva Extra Carrefour 85 g.,"2,09 €",,"24,59 €/kg",,La Despensa,"Conservas, Sopas y Precocinados",Conservas de Pescado y Marisco,https://static.carrefour.es/hd_510x_/img_pim_food/127515_00_1.jpg
https://www.carrefour.es/supermercado/chorizo-en-lonchas-campofrio-sin-gluten-65-g/R-VC4AECOMM-374779/p,Chorizo en lonchas Campofrío sin gluten 65 g.,"1,09 €",,"16,77 €/kg",,Productos Frescos,Charcutería,"Chorizo, Lomo y Otros",https://static.carrefour.es/hd_510x_/img_pim_food/374779_00_1.jpg
https://www.carrefour.es/supermercado/locion-mustela-750-ml/R-590507886/p,Loción Mustela 750 ml,"15,75 €",,"2,10 €/100ml",,Parafarmacia,Bebé,Hidratantes y Aceites Corporales,https://static.carrefour.es/hd_510x_/img_pim_food/546230_00_1.jpg
https://www.carrefour.es/supermercado/pasta-tallarin-gallo-450-g/R-VC4AECOMM-636264/p,Pasta tallarín Gallo 450 g.,"1,41 €",,"3,13 €/kg",,La Despensa,Alimentación,Pastas,https://static.carrefour.es/hd_510x_/img_pim_food/636264_00_1.jpg
https://www.carrefour.es/supermercado/morcilla-casera-de-matanza-pena-cruz-360-g/R-prod260640/p,Morcilla casera de matanza Peña Cruz 360 g,"3,89 €",,"10,81 €/kg",,Productos Frescos,Carnicería,Embutidos Frescos,https://static.carrefour.es/hd_510x_/img_pim_food/051580_00_1.jpg
https://www.carrefour.es/supermercado/vino-blanco-ecologico-vina-sol-do-cataluna-75-cl/R-520662829/p,Viña Sol Blanco 2023,"6,39 €",,"6,39 €/ud",,Bebidas,Vinos,Blanco,https://static.carrefour.es/hd_510x_/img_pim_food/000222_00_1.jpg
https://www.carrefour.es/supermercado/aceite-de-oliva-suave-04-carrefour-lata-5-l/R-521009508/p,"Aceite de oliva suave 0,4º Carrefour lata 5 l.","41,00 €",,"8,20 €/l",,La Despensa,Alimentación,Aceites y vinagres,https://static.carrefour.es/hd_510x_/img_pim_food/254074_00_1.jpg
https://www.carrefour.es/supermercado/te-verde-a-la-menta-en-bolsitas-hornimans-20-ud/R-521003193/p,Té verde a la menta en bolsitas Hornimans 20 ud.,"2,89 €",,"96,33 €/kg",,La Despensa,Desayuno,Infusiones y Tés,https://static.carrefour.es/hd_510x_/img_pim_food/224597_00_1.jpg
https://www.carrefour.es/supermercado/panales-dodot-activity-t6-13-kg-117-ud/R-prod1130523/p,Pañales Dodot Activity T6 (13+ kg.) 117 ud.,"60,00 €",,"0,51 €/ud",,Bebé,Pañales y Toallitas,Pañales Dodot,https://static.carrefour.es/hd_510x_/img_pim_food/187617_00_1.jpg
https://www.carrefour.es/supermercado/fideos-orientales-con-curri-yatekomo-gallina-blanca-61-g/R-755505038/p,Fideos Orientales con curri Yatekomo Gallina Blanca 61 g.,"1,52 €",,"24,92 €/kg",,La Despensa,"Conservas, Sopas y Precocinados",Platos Preparados,https://static.carrefour.es/hd_510x_/img_pim_food/764549_00_1.jpg
https://www.carrefour.es/supermercado/leche-condensada-de-coco-ecologica-naturgreen-210-g/R-VC4AECOMM-173912/p,Leche condensada de coco ecológica Naturgreen 210 g.,"3,99 €",,"19,00 €/kg",,La Despensa,Lácteos,"Leche Condensada, Evaporada y en Polvo",https://static.carrefour.es/hd_510x_/img_pim_food/173912_00_1.jpg
https://www.carrefour.es/supermercado/barrita-de-almendra-esfuerzo-deportivo-sensation-carrefour-sin-aceite-de-palma-125-g/R-VC4AECOMM-492985/p,Barrita de almendra esfuerzo deportivo Sensation Carrefour sin aceite de palma 125 g.,,,"19,60 €/kg",,La Despensa,Desayuno,Barritas,https://static.carrefour.es/hd_510x_/img_pim_food/492985_00_1.jpg
https://www.carrefour.es/supermercado/barritas-de-galleta-crujiente-cubiertas-de-chocolate-blanco-nestle-kit-kat-white-pack-de-3-unidades-de-415-g/R-prod221303/p,"Barritas de galleta crujiente cubiertas de chocolate blanco Nestlé Kit Kat White pack de 3 unidades de 41,5 g.","2,45 €",,"19,76 €/kg",,,,,https://static.carrefour.es/hd_510x_/img_pim_food/063094_00_1.jpg
https://www.carrefour.es/supermercado/biscottes-mini-normales-carrefour-120-g/R-521008642/p,Biscottes mini normales Carrefour 120 g.,,,"6,67 €/kg",,La Despensa,"Panaderia, Bollería y Pastelería","Pan tostado, Biscottes y Barritas",https://static.carrefour.es/hd_510x_/img_pim_food/646038_00_1.jpg
https://www.carrefour.es/supermercado/cerveza-mahou-5-estrellas-especial-pack-de-12-botellas-de-25-cl/R-521028259/p,Cerveza Mahou 5 Estrellas especial pack de 12 botellas de 25 cl.,"7,49 €",,"2,50 €/l",,Bebidas,Cerveza,Todas las Cervezas,https://static.carrefour.es/hd_510x_/img_pim_food/523315_00_1.jpg
https://www.carrefour.es/supermercado/alubias-cocidas-con-verduras-carrefour-400-g/R-521005506/p,Alubias cocidas con verduras Carrefour 400 g.,"1,20 €",,"3,00 €/kg",,La Despensa,Alimentación,Legumbres,https://static.carrefour.es/hd_510x_/img_pim_food/686246_00_1.jpg
https://www.carrefour.es/supermercado/fuet-espetec-casademont-sin-gluten-170-g/R-fprod1460287/p,Fuet Espetec Casademont sin gluten 170 g,"2,99 €",,"17,59 €/kg",,Productos Frescos,Charcutería,"Salchichón, Salami y Fuet",https://static.carrefour.es/hd_510x_/img_pim_food/396156_00_1.jpg
https://www.carrefour.es/supermercado/vaso-compostable-betik-corrugados-12ud-beige/R-prod720127/p,Vaso Compostable BETIK Corrugados 12ud - Beige,"5,39 €",,"0,45 €/ud",,Limpieza y Hogar,Menaje,Menaje Desechable,https://static.carrefour.es/hd_510x_/img_pim_food/852021_00_1.jpg
https://www.carrefour.es/supermercado/atun-claro-en-aceite-de-oliva-consorcio-135-g/R-832012750/p,Atún claro en aceite de oliva Consorcio 135 g.,"7,05 €",,"52,22 €/kg",,La Despensa,"Conservas, Sopas y Precocinados",Conservas de Pescado y Marisco,https://static.carrefour.es/hd_510x_/img_pim_food/963974_00_1.jpg
https://www.carrefour.es/supermercado/pila-recargable-hr6-extreme-2300-mah-energizer/R-VC4AECOMM-450436/p,Pila Recargable HR6 Extreme 2300 MAH Energizer,"11,55 €",,"5,77 €/ud",,Limpieza y Hogar,Bazar,Pilas,https://static.carrefour.es/hd_510x_/img_pim_food/450436_00_1.jpg
https://www.carrefour.es/supermercado/caja-de-4-botellas-de-vino-blanco-verdejo-blume-do-rueda-75-cl/R-VC4AECOMM-455800/p,Blume Blanco 2022,"21,70 €",,"21,70 €/ud",,Bebidas,Vinos,Estuches de vino,https://static.carrefour.es/hd_510x_/img_pim_food/455800_00_1.jpg
https://www.carrefour.es/supermercado/nata-liquida-para-montar-carrefour-pack-de-3-unidades-de-200-ml/R-VC4AECOMM-465821/p,Nata liquida para montar Carrefour pack de 3 unidades de 200 ml.,"1,89 €",,"3,15 €/l",,La Despensa,Lácteos,Nata,https://static.carrefour.es/hd_510x_/img_pim_food/465821_00_1.jpg
https://www.carrefour.es/supermercado/tiras-adhesivas-para-articulaciones-ideal-para-codos-y-rodillas-carrefour-10-ud/R-fprod1280583/p,Tiras adhesivas para articulaciones ideal para codos y rodillas Carrefour 10 ud.,"1,25 €",,"0,12 €/ud",,Parafarmacia,Botiquín,Apósitos y Gasas,https://static.carrefour.es/hd_510x_/img_pim_food/331173_00_1.jpg
https://www.carrefour.es/supermercado/mascarilla-capilar-nutricion-extrema-oliva-mitica-para-pelo-seco-original-remedies-garnier-300-ml/R-801580339/p,Mascarilla capilar nutrición extrema Oliva Mítica para pelo seco Original Remedies Garnier 300 ml.,"4,69 €",,"1,38 €/100ml",,Perfumería e Higiene,Cabello,Cuidado y Tratamientos del cabello,https://static.carrefour.es/hd_510x_/img_pim_food/903321_00_1.jpg
https://www.carrefour.es/supermercado/cafe-con-leche-en-capsulas-nescafe-dolce-gusto-30-ud/R-729902592/p,Café con leche en cápsulas Nescafé Dolce Gusto 30 ud.,"8,35 €",,"27,83 €/kg",,La Despensa,Desayuno,Cafés,https://static.carrefour.es/hd_510x_/img_pim_food/678656_00_1.jpg
https://www.carrefour.es/supermercado/galletas-de-barquillo-rellenas-chocolate-artiach-210-g/R-546306208/p,Galletas de barquillo rellenas chocolate Artiach 210 g.,"2,49 €",,"11,86 €/kg",,La Despensa,Desayuno,Galletas,https://static.carrefour.es/hd_510x_/img_pim_food/166314_00_1.jpg
https://www.carrefour.es/supermercado/zumo-tropical-100-natural-bifrutas-sin-azucar-anadido-botella-24-cl/R-VC4AECOMM-671115/p,Zumo Tropical 100% Natural Bifrutas sin azúcar añadido botella 24 cl.,"0,99 €",,"4,12 €/l",,Bebidas,Aguas y Zumos,Zumos no Refrigerados,https://static.carrefour.es/hd_510x_/img_pim_food/671115_00_1.jpg
https://www.carrefour.es/supermercado/yogur-de-fresas-pastoret-sin-gluten-500-g/R-745416230/p,Yogur de fresas Pastoret sin gluten 500 g.,"2,95 €",,"5,90 €/kg",,La Despensa,Yogures y Postres,Yogur Natural y Sabores,https://static.carrefour.es/hd_510x_/img_pim_food/742098_00_1.jpg
https://www.carrefour.es/supermercado/parches-para-calenturas-con-aplicador-soft-carrefour-15-ud/R-VC4AECOMM-613057/p,Parches para calenturas con aplicador Soft Carrefour 15 ud.,"2,99 €",,"0,20 €/ud",,Parafarmacia,Botiquín,Apósitos y Gasas,https://static.carrefour.es/hd_510x_/img_pim_food/613057_00_1.jpg
https://www.carrefour.es/supermercado/jabon-de-manos-alepo-tade-200-g/R-VC4AECOMM-194683/p,Jabón de manos alepo Tade 200 g.,"5,49 €",,"2,74 €/100g",,Perfumería e Higiene,Baño e Higiene Corporal,Jabón de Manos,https://static.carrefour.es/hd_510x_/img_pim_food/194683_00_1.jpg
https://www.carrefour.es/supermercado/vino-blanco-verdejo-marques-de-caceres-do-rueda-75-cl/R-799715334/p,Marqués De Cáceres Blanco 2023,"6,25 €",,"6,25 €/ud",,Bebidas,Vinos,Blanco,https://static.carrefour.es/hd_510x_/img_pim_food/902024_00_1.jpg
https://www.carrefour.es/supermercado/kombucha-de-frutos-rojos-ecologico-komvida-sin-gluten-botella-25-cl/R-fprod1180207/p,Kombucha de frutos rojos ecológico Komvida sin gluten botella 25 cl.,"2,45 €",,"9,80 €/l",,Bebidas,Refrescos,Kombucha,https://static.carrefour.es/hd_510x_/img_pim_food/220854_00_1.jpg
https://www.carrefour.es/supermercado/ositos-de-goma-recubiertos-de-azucar-haribo-275-g/R-prod870222/p,Ositos de goma recubiertos de azúcar Haribo 275 g.,"3,55 €",,"14,20 €/kg",,La Despensa,Dulce,Dulces y Golosinas,https://static.carrefour.es/hd_510x_/img_pim_food/006449_00_1.jpg
https://www.carrefour.es/supermercado/tampones-normal-procomfort-ob-32-ud/R-663201870/p,Tampones normal ProComfort O.B. 32 ud.,"6,75 €",,"0,21 €/ud",,Perfumería e Higiene,Higiene íntima,Tampones,https://static.carrefour.es/hd_510x_/img_pim_food/314795_00_1.jpg
https://www.carrefour.es/supermercado/cera-de-precision-especial-rostro-body-natur-3-ml/R-VC4AECOMM-097711/p,Cera de precisión especial rostro Body Natur 3 ml.,"4,49 €",,"4,49 €/ud",,Perfumería e Higiene,Depilación y Afeitado,Depilación,https://static.carrefour.es/hd_510x_/img_pim_food/097711_00_1.jpg
https://www.carrefour.es/supermercado/jamon-de-cebo-de-campo-iberico-50-raza-iberica-ibersierra-pieza-de-7-kg-aprox/R-VC4AECOMM-587804/p,Jamón de Cebo de Campo Ibérico 50% Raza Ibérica IberSierra pieza de 7 kg aprox,"179,00 €",,"23,87 €/kg",,Productos Frescos,Charcutería,Jamón serrano e ibérico Pieza,https://static.carrefour.es/hd_510x_/img_pim_food/587804_00_1.jpg
https://www.carrefour.es/supermercado/mini-cookies-sabor-limon-abuelo-bread-sin-gluten-y-sin-lactosa-40-g/R-VC4AECOMM-135127/p,Mini cookies sabor limón Abuelo Bread sin gluten y sin lactosa 40 g.,"1,05 €",,"26,25 €/kg",,La Despensa,Desayuno,Galletas,https://static.carrefour.es/hd_510x_/img_pim_food/135127_00_1.jpg
https://www.carrefour.es/supermercado/presa-de-cerdo-iberico-carrefour-450-g-aprox/R-VC4AECOMM-517454/p,Presa de cerdo ibérico Carrefour 450 g aprox,"11,47 €",,"25,50 €/kg",,Productos Frescos,Carnicería,Cerdo,https://static.carrefour.es/hd_510x_/img_pim_food/517454_00_1.jpg
https://www.carrefour.es/supermercado/multivitaminico-y-multimineral-en-comprimidos-adultos-multicentrum-sin-gluten-90-ud/R-791635029/p,Multivitamínico y multimineral en comprimidos Adultos Multicentrum sin gluten 90 ud.,"26,50 €",,"24,09 €/100g",,Parafarmacia,Nutrición y Dietética,Complementos Vitamínicos,https://static.carrefour.es/hd_510x_/img_pim_food/887642_00_1.jpg
https://www.carrefour.es/supermercado/vino-tinto-alma-de-valdeguerra-75-cl/R-590204411/p,Vino tinto Alma de Valdeguerra 75 cl.,"4,35 €",,"4,35 €/ud",,,,,https://static.carrefour.es/hd_510x_/img_pim_food/151566_00_1.jpg
https://www.carrefour.es/supermercado/serum-facial-de-noche-con-retinol-puro-para-arrugas-profundas-revitalift-laser-loreal-paris-30-ml/R-VC4AECOMM-680056/p,Sérum facial de noche con retinol puro para arrugas profundas Revitalift Laser L'oréal Paris 30 ml.,"23,99 €",,"79,97 €/100ml",,Perfumería e Higiene,Cuidado y Protección Corporal,Piel,https://static.carrefour.es/hd_510x_/img_pim_food/680056_00_1.jpg
https://www.carrefour.es/supermercado/locion-en-gel-ultraligera-para-todo-tipo-de-piel-hydro-boost-neutrogena-2-unidades-de-750-ml/R-VC4AECOMM-393607/p,Loción en gel ultraligera para todo tipo de piel Hydro Boost Neutrogena 2 unidades de 750 ml.,"23,30 €",,"1,55 €/100ml",,Parafarmacia,Cuidado corporal,Cremas y Lociones,https://static.carrefour.es/hd_510x_/img_pim_food/393607_00_1.jpg
https://www.carrefour.es/supermercado/mozzarella-di-bufala-campana-dop-carrefour-extra-125-g/R-VC4AECOMM-346475/p,Mozzarella di bufala campana DOP Carrefour Extra 125 g.,"1,76 €",,"14,08 €/kg",,Productos Frescos,Quesos,Todos los Quesos,https://static.carrefour.es/hd_510x_/img_pim_food/346475_00_1.jpg
https://www.carrefour.es/supermercado/ambientador-electrico-tatami-japones-3volution-recambio-ambi-pur-2-ud/R-691605939/p,Ambientador eléctrico tatami japonés 3Volution recambio Ambi Pur 2 ud.,"12,25 €",,"6,12 €/ud",,Limpieza y Hogar,Ambientadores,Eléctricos,https://static.carrefour.es/hd_510x_/img_pim_food/082110_00_1.jpg
https://www.carrefour.es/supermercado/pepitos-de-azucar-carrefour-4-ud/R-614201649/p,Pepitos de azucar Carrefour 4 ud,"3,65 €",,"0,91 €/ud",,Productos Frescos,Panadería Tradicional,Bollería Tradicional,https://static.carrefour.es/hd_510x_/img_pim_food/362283_00_1.jpg
https://www.carrefour.es/supermercado/2-bayetas-de-cristales-carrefour-beige/R-609302142/p,2 Bayetas de cristales Carrefour - Beige,"1,77 €",,"0,88 €/ud",,Limpieza y Hogar,Utensilios de Limpieza,Bayetas Microfibra Atrapapolvo,https://static.carrefour.es/hd_510x_/img_pim_food/258288_00_1.jpg
https://www.carrefour.es/supermercado/agua-mineral-natural-nestle-aquarel-5-l/R-521028190/p,Agua mineral natural Nestlé Aquarel 5 l.,"1,71 €",,"0,34 €/l",,Bebidas,Aguas y Zumos,Agua de más de 2 litros,https://static.carrefour.es/hd_510x_/img_pim_food/263539_00_1.jpg
https://www.carrefour.es/supermercado/ambientador-automatico-lavanda-recambio-essential-carrefour-1-ud/R-VC4AECOMM-655027/p,Ambientador automático lavanda recambio Essential Carrefour 1 ud.,"1,75 €",,"7,00 €/l",,Limpieza y Hogar,Ambientadores,Automáticos,https://static.carrefour.es/hd_510x_/img_pim_food/655027_00_1.jpg
https://www.carrefour.es/supermercado/serum-liposomado-c-vit-sesderma-30-ml/R-625740465/p,Serum liposomado C-Vit Sesderma 30 ml.,"38,90 €",,"129,67 €/100ml",,Parafarmacia,Cuidado e higiene facial,Cremas faciales,https://static.carrefour.es/hd_510x_/img_pim_food/801546_00_1.jpg
https://www.carrefour.es/supermercado/crema-adhesiva-para-protesis-dentales-fijacion-fuerte-dentafix-carrefour-soft-50-g/R-756473924/p,Crema adhesiva para prótesis dentales fijación fuerte Dentafix Carrefour Soft 50 g.,"3,49 €",,"3,49 €/ud",,Perfumería e Higiene,Boca y Sonrisa,Prótesis,https://static.carrefour.es/hd_510x_/img_pim_food/765590_00_1.jpg
https://www.carrefour.es/supermercado/anacardos-fritos-carrefour-tarrina-250-g/R-prod1070691/p,Anacardos fritos Carrefour tarrina 250 g,"4,48 €",,"17,92 €/kg",,La Despensa,Aperitivos,Frutos Secos,https://static.carrefour.es/hd_510x_/img_pim_food/142298_00_1.jpg
https://www.carrefour.es/supermercado/galletas-de-cereales-con-chocolate-con-leche-dinosaurus-artiach-255-g/R-VC4AECOMM-246667/p,Galletas de cereales con chocolate con leche Dinosaurus Artiach 255 g.,"3,55 €",,"13,92 €/kg",,La Despensa,Desayuno,Galletas,https://static.carrefour.es/hd_510x_/img_pim_food/246667_00_1.jpg
https://www.carrefour.es/supermercado/gelatina-sabor-sandia-sin-azucar-royal-31-g/R-VC4AECOMM-449206/p,Gelatina sabor sandía sin azúcar Royal 31 g.,"3,19 €",,"102,90 €/kg",,La Despensa,Dulce,Repostería,https://static.carrefour.es/hd_510x_/img_pim_food/449206_00_1.jpg
https://www.carrefour.es/supermercado/chocolate-con-leche-para-reposteria-nestle-postres-sin-gluten-170-g/R-764119469/p,Chocolate con leche para repostería Nestlé Postres sin gluten 170 g.,"3,39 €",,"19,94 €/kg",,La Despensa,Dulce,Bombones y Chocolates,https://static.carrefour.es/hd_510x_/img_pim_food/772117_00_1.jpg
https://www.carrefour.es/supermercado/lomo-de-cebo-iberico-en-lonchas-carrefour-sin-gluten-100-g/R-VC4AECOMM-711271/p,Lomo de cebo ibérico en lonchas Carrefour sin gluten 100 g.,"4,25 €",,"42,50 €/kg",,Productos Frescos,Charcutería,"Chorizo, Lomo y Otros",https://static.carrefour.es/hd_510x_/img_pim_food/711271_00_1.jpg
https://www.carrefour.es/supermercado/tinte-color-permanente-n-3-castano-oscuro-carrefour-soft-1-ud/R-VC4AECOMM-110685/p,Tinte color permanente nº 3 castaño oscuro Carrefour Soft 1 ud.,"5,85 €",,"5,85 €/ud",,Perfumería e Higiene,Cabello,Tinte,https://static.carrefour.es/hd_510x_/img_pim_food/110685_00_1.jpg
https://www.carrefour.es/supermercado/panales-dodot-sensitive-t1-2-5-kg-84-ud/R-VC4AECOMM-127657/p,Pañales Dodot Sensitive T1 (2-5 kg) 84 ud.,"30,00 €",,"0,36 €/ud",,Bebé,Pañales y Toallitas,Pañales Dodot,https://static.carrefour.es/hd_510x_/img_pim_food/127657_00_1.jpg
https://www.carrefour.es/supermercado/ambientador-electrico-nubes-de-algodon-recambio-ambi-pur-1-ud/R-691605951/p,Ambientador eléctrico nubes de algodón recambio Ambi Pur 1 ud.,"4,65 €",,"4,65 €/ud",,Limpieza y Hogar,Ambientadores,Eléctricos,https://static.carrefour.es/hd_510x_/img_pim_food/082143_00_1.jpg
https://www.carrefour.es/supermercado/salsa-tikka-masala-patak-sin-gluten-450-g/R-VC4AECOMM-692743/p,Salsa Tikka Masala Patak sin gluten 450 g.,"3,49 €",,"7,76 €/kg",,La Despensa,Alimentación,Salsas y Tomate Frito,https://static.carrefour.es/hd_510x_/img_pim_food/692743_00_1.jpg
https://www.carrefour.es/supermercado/croquetas-de-jamon-iberico-la-cocinera-340-g/R-VC4AECOMM-214905/p,Croquetas de jamón ibérico La cocinera 340 g.,"5,55 €",,"16,32 €/kg",,Congelados,Rebozados y Platos Preparados,,https://static.carrefour.es/hd_510x_/img_pim_food/214905_00_1.jpg
https://www.carrefour.es/supermercado/leche-condensada-carrefour-397-g/R-521003205/p,Leche condensada Carrefour 397 g.,"2,25 €",,"5,67 €/kg",,La Despensa,Lácteos,"Leche Condensada, Evaporada y en Polvo",https://static.carrefour.es/hd_510x_/img_pim_food/231548_00_1.jpg
https://www.carrefour.es/supermercado/mermelada-de-ciruela-categoria-extra-carrefour-sin-gluten-650-g/R-521003439/p,Mermelada de ciruela categoría extra Carrefour sin gluten 650 g.,"2,19 €",,"3,37 €/kg",,La Despensa,Dulce,"Mermeladas, Membrillos y Compotas",https://static.carrefour.es/hd_510x_/img_pim_food/228281_00_1.jpg
https://www.carrefour.es/supermercado/panales-carrefour-baby-0-talla-1-2-5-kg-35-ud/R-VC4AECOMM-081255/p,Pañales Carrefour Baby 0% Talla 1 (2-5 kg) 35 ud.,"9,65 €",,"0,28 €/ud",,Bebé,Pañales y Toallitas,Pañales Carrefour Baby,https://static.carrefour.es/hd_510x_/img_pim_food/081255_00_1.jpg
https://www.carrefour.es/supermercado/acondicionador-liso-keratina-con-aceite-marula-hasta-72h-control-del-encrespamiento-tresemme-685-ml/R-VC4AECOMM-468710/p,Acondicionador liso keratina con aceite marula hasta 72h control del encrespamiento Tresemmé 685 ml.,"5,69 €",,"0,83 €/100ml",,Perfumería e Higiene,Cabello,Acondicionadores,https://static.carrefour.es/hd_510x_/img_pim_food/468710_00_1.jpg
https://www.carrefour.es/supermercado/panales-dodot-bebe-seco-xxl-t4-9-14-kg-164-ud/R-VC4AECOMM-799256/p,Pañales Dodot bebé-Seco XXL T4 (9-14 kg.) 164 ud.,"48,10 €",,"0,29 €/ud",,Bebé,Pañales y Toallitas,Pañales Dodot,https://static.carrefour.es/hd_510x_/img_pim_food/799256_00_1.jpg
https://www.carrefour.es/supermercado/atun-en-aceite-de-girasol-consorcio-195-g/R-VC4AECOMM-378926/p,Atún en aceite de girasol Consorcio 195 g.,"6,59 €",,"33,79 €/kg",,La Despensa,"Conservas, Sopas y Precocinados",Conservas de Pescado y Marisco,https://static.carrefour.es/hd_510x_/img_pim_food/378926_00_1.jpg
https://www.carrefour.es/supermercado/pepinillos-picantantes-sensation-carrefour-160-g/R-VC4AECOMM-417852/p,Pepinillos picantantes Sensation Carrefour 160 g.,"1,31 €",,"8,19 €/kg",,La Despensa,Aperitivos,Aceitunas y Encurtidos,https://static.carrefour.es/hd_510x_/img_pim_food/417852_00_1.jpg
https://www.carrefour.es/supermercado/cafe-latte-macchiato-en-capsulas-starbucks-nescafe-dolce-gusto-12-ud/R-fprod1460170/p,Café latte macchiato en cápsulas Starbucks Nescafé Dolce Gusto 12 ud.,"5,25 €",,"40,70 €/kg",,La Despensa,Desayuno,Cafés,https://static.carrefour.es/hd_510x_/img_pim_food/392143_00_1.jpg
https://www.carrefour.es/supermercado/pizza-de-pepperoni-carrefour-classic-410-g/R-VC4AECOMM-459353/p,Pizza de pepperoni Carrefour Classic' 410 g.,"2,69 €",,"6,56 €/kg",,La Despensa,"Conservas, Sopas y Precocinados",Pizzas,https://static.carrefour.es/hd_510x_/img_pim_food/459353_00_1.jpg
https://www.carrefour.es/supermercado/longaniza-de-pages-embutidos-sola-100-g/R-prod260310/p,Longaniza de Pagés Embutidos Solá 100 g,"2,89 €",,"28,90 €/kg",,Productos Frescos,Charcutería,"Salchichón, Salami y Fuet",https://static.carrefour.es/hd_510x_/img_pim_food/803026_00_1.jpg
https://www.carrefour.es/supermercado/tampones-super-pearl-compak-tampax-36-ud/R-798020946/p,Tampones super Pearl Compak Tampax 36 ud.,"8,49 €",,"0,24 €/ud",,Perfumería e Higiene,Higiene íntima,Tampones,https://static.carrefour.es/hd_510x_/img_pim_food/897859_00_1.jpg
https://www.carrefour.es/supermercado/bandas-de-cera-depilatoria-corporal-hipoalergenicas-minima-veet-20-ud/R-VC4AECOMM-492766/p,Bandas de cera depilatoria corporal hipoalergénicas minima Veet 20 ud.,"5,99 €",,"0,30 €/ud",,Perfumería e Higiene,Depilación y Afeitado,Depilación,https://static.carrefour.es/hd_510x_/img_pim_food/492766_00_1.jpg
https://www.carrefour.es/supermercado/aceitunas-verdes-manzanilla-sin-hueso-jolca-pack-de-3-bolsas-de-50-g/R-785113051/p,Aceitunas verdes manzanilla sin hueso Jolca pack de 3 bolsas de 50 g.,"2,15 €",,"14,33 €/kg",,La Despensa,Aperitivos,Aceitunas y Encurtidos,https://static.carrefour.es/hd_510x_/img_pim_food/874955_00_1.jpg
https://www.carrefour.es/supermercado/vino-tinto-crianza-ecologico-beronica-doca-rioja-75-cl/R-635101971/p,Beronia Ecológico Tinto 2019,"9,89 €",,"9,89 €/ud",,Bebidas,Vinos,Tinto,https://static.carrefour.es/hd_510x_/img_pim_food/810004_00_1.jpg
https://www.carrefour.es/supermercado/gel-de-ducha-0-pieles-secas-science-les-cosmetiques-1-l/R-VC4AECOMM-280013/p,Gel de ducha 0% pieles secas Science Les Cosmétiques 1 l.,"2,59 €",,"0,26 €/100ml",,Perfumería e Higiene,Baño e Higiene Corporal,Geles de Baño,https://static.carrefour.es/hd_510x_/img_pim_food/280013_00_1.jpg
https://www.carrefour.es/supermercado/apresto-planchado-facil-2-en-1-carrefour-essential-750-ml/R-VC4AECOMM-495148/p,Apresto planchado fácil 2 en 1 Carrefour Essential 750 ml.,"1,85 €",,"2,47 €/l",,Limpieza y Hogar,Cuidado de la Ropa,Agua de Plancha y Apresto,https://static.carrefour.es/hd_510x_/img_pim_food/495148_00_1.jpg
https://www.carrefour.es/supermercado/estuche-de-jamon-de-cebo-iberico-50-raza-iberica-en-lonchas-navidul-pack-de-4-sobres-de-40-g/R-VC4AECOMM-399864/p,Estuche de jamón de cebo ibérico 50% raza ibérica en lonchas Navidul pack de 4 sobres de 40 g.,"11,19 €",,"69,94 €/kg",,Productos Frescos,Charcutería,Jamón Serrano e Ibérico Envasado,https://static.carrefour.es/hd_510x_/img_pim_food/399864_00_1.jpg
https://www.carrefour.es/supermercado/agua-de-perfume-floral-femenino-zoe-les-cosmetiques-100-ml/R-VC4AECOMM-602193/p,Agua de perfume floral femenino Zoe Les Cosmetiques 100 ml.,"6,75 €",,"6,75 €/100ml",,Perfumería e Higiene,Baño e Higiene Corporal,Colonias,https://static.carrefour.es/hd_510x_/img_pim_food/602193_00_1.jpg
https://www.carrefour.es/supermercado/barritas-0-grasa-300-g/R-prod1140109/p,Barritas 0% grasa 300 g,"4,65 €",,"15,50 €/kg",,Productos Frescos,Pescadería,Surimi y Elaborados,https://static.carrefour.es/hd_510x_/img_pim_food/196237_00_1.jpg
https://www.carrefour.es/supermercado/pechuga-de-pollo-sin-grasas-si-azucares-el-pozo-bienstar-sin-gluten-y-sin-lactosa-340-g/R-VC4AECOMM-711132/p,Pechuga de pollo sin grasas si azucares El Pozo Bienstar sin gluten y sin lactosa 340 g,"4,09 €",,"12,03 €/kg",,Productos Frescos,Charcutería,Fiambre de Pavo y Pollo,https://static.carrefour.es/hd_510x_/img_pim_food/711132_00_1.jpg
https://www.carrefour.es/supermercado/licor-de-cafe-puntemino-70-cl/R-prod620188/p,Licor de café Puntemiño 70 cl.,"7,59 €",,"10,84 €/l",,,,,https://static.carrefour.es/hd_510x_/img_pim_food/841809_00_1.jpg
https://www.carrefour.es/supermercado/tarrito-de-calabaza-patata-guisante-y-brocoli-desde-6-meses-ecologico-hero-solo-sin-gluten-190-g/R-870200676/p,"Tarrito de calabaza, patata, guisante y brócoli desde 6 meses ecológico Hero Solo sin gluten 190 g.","2,49 €",,"13,11 €/kg",,Bebé,Alimentación infantil,Tarritos y Platos Preparados,https://static.carrefour.es/hd_510x_/img_pim_food/178461_00_1.jpg
https://www.carrefour.es/supermercado/reganas-classic-carrefour-no-gluten-sin-gluten-y-sin-lactosa-80-g/R-VC4AECOMM-489675/p,Regañás Classic Carrefour No Gluten sin gluten y sin lactosa 80 g.,"1,81 €",,"22,62 €/kg",,La Despensa,"Panaderia, Bollería y Pastelería","Colines, picos y crakers",https://static.carrefour.es/hd_510x_/img_pim_food/489675_00_1.jpg
https://www.carrefour.es/supermercado/champu-seco-purificante-con-limon-carrefour-soft-75-ml/R-VC4AECOMM-516831/p,Champú seco purificante con limón Carrefour Soft 75 ml.,"2,35 €",,"3,13 €/100ml",,Perfumería e Higiene,Cabello,Champús,https://static.carrefour.es/hd_510x_/img_pim_food/516831_00_1.jpg
https://www.carrefour.es/supermercado/cerveza-tostada-san-miguel-00-alcohol-pack-6-botellas-25-cl/R-VC4AECOMM-374696/p,Cerveza tostada San Miguel 0.0 alcohol pack 6 botellas 25 cl.,"3,85 €",,"2,57 €/l",,Bebidas,Cerveza,Todas las Cervezas,https://static.carrefour.es/hd_510x_/img_pim_food/374696_00_1.jpg
https://www.carrefour.es/supermercado/almendras-naturales-con-piel-wonderful-200-g/R-787641373/p,Almendras naturales con piel Wonderful 200 g.,"5,29 €",,"26,45 €/kg",,La Despensa,Aperitivos,Frutos Secos,https://static.carrefour.es/hd_510x_/img_pim_food/676749_00_1.jpg
https://www.carrefour.es/supermercado/recogedor-de-mano-carrefour-gris/R-527031090/p,Recogedor de Mano Carrefour - Gris,"1,99 €",,"1,99 €/ud",,Limpieza y Hogar,Utensilios de Limpieza,"Escobas, Mopas y Recogedores",https://static.carrefour.es/hd_510x_/img_pim_food/475824_00_1.jpg
https://www.carrefour.es/supermercado/gel-de-ducha-hidratante-aloe-vera-instituto-espanol-1250-ml/R-727101843/p,Gel de ducha hidratante aloe vera Instituto Español 1250 ml.,"2,45 €",,"0,20 €/100ml",,Perfumería e Higiene,Baño e Higiene Corporal,Geles de Baño,https://static.carrefour.es/hd_510x_/img_pim_food/666279_00_1.jpg
https://www.carrefour.es/supermercado/champu-metodo-rizos-garnier-fructis-200-ml/R-VC4AECOMM-316093/p,Champú método rizos Garnier Fructis 200 ml.,"5,00 €",,"2,50 €/100ml",,Perfumería e Higiene,Cabello,Champús,https://static.carrefour.es/hd_510x_/img_pim_food/316093_00_1.jpg
https://www.carrefour.es/supermercado/fluido-facial-hidratante-matificante-dermopure-eucerin-50-ml/R-prod490088/p,Fluido facial hidratante matificante DermoPure Eucerin 50 ml.,"19,49 €",,"38,98 €/100ml",,Parafarmacia,Cuidado e higiene facial,Cremas faciales,https://static.carrefour.es/hd_510x_/img_pim_food/830634_00_1.jpg
https://www.carrefour.es/supermercado/aceite-de-oliva-suave-04-la-espanola-1-l/R-520660257/p,"Aceite de oliva suave 0,4º La Española 1 l.","11,21 €",,"11,21 €/l",,La Despensa,Alimentación,Aceites y vinagres,https://static.carrefour.es/hd_510x_/img_pim_food/002895_00_1.jpg
https://www.carrefour.es/supermercado/longaniza-de-payes-en-lonchas-carrefour-sin-gluten-100-g/R-VC4AECOMM-709726/p,Longaniza de Payés en lonchas Carrefour sin gluten 100 g,"1,69 €",,"16,90 €/kg",,Productos Frescos,Charcutería,"Chorizo, Lomo y Otros",https://static.carrefour.es/hd_510x_/img_pim_food/709726_00_1.jpg
https://www.carrefour.es/supermercado/caramelos-de-goma-de-sabores-carrefour-1-kg/R-521033591/p,Caramelos de goma de sabores Carrefour 1 kg.,"4,65 €",,"4,65 €/kg",,La Despensa,Dulce,Dulces y Golosinas,https://static.carrefour.es/hd_510x_/img_pim_food/233362_00_1.jpg
https://www.carrefour.es/supermercado/limon-ecologico-carrefour-bio-500-g/R-584501555/p,Limón ecológico Carrefour Bio 500 g,"2,15 €",,"4,30 €/kg",,Productos Frescos,Frutas,Naranjas y otros cítricos,https://static.carrefour.es/hd_510x_/img_pim_food/738651_00_1.jpg
https://www.carrefour.es/supermercado/aceite-de-aguacate-la-masia-250-ml/R-VC4AECOMM-654756/p,Aceite de Aguacate La Masía 250 ml.,"5,05 €",,"20,20 €/l",,La Despensa,Alimentación,Aceites y vinagres,https://static.carrefour.es/hd_510x_/img_pim_food/654756_00_1.jpg
https://www.carrefour.es/supermercado/salsa-gaucha-ybarra-sin-gluten-envase-300-ml/R-prod393199/p,Salsa gaucha Ybarra sin gluten envase 300 ml.,"2,39 €",,"7,97 €/l",,La Despensa,Alimentación,Salsas y Tomate Frito,https://static.carrefour.es/hd_510x_/img_pim_food/479106_00_1.jpg
https://www.carrefour.es/supermercado/suavizante-concentrado-azul-vital-mimosin-105-lavados/R-VC4AECOMM-322473/p,Suavizante concentrado azul vital Mimosín 105 lavados.,"6,85 €",,"0,07 €/lavado",,Limpieza y Hogar,Cuidado de la Ropa,Suavizantes,https://static.carrefour.es/hd_510x_/img_pim_food/322473_00_1.jpg
https://www.carrefour.es/supermercado/bebida-lactea-liquida-desnatada-sabor-cacahuete-proteina-plus-sensation-carrefour-sin-gluten-sin-azucar-anadido-350-g/R-VC4AECOMM-303251/p,Bebida láctea liquida desnatada sabor cacahuete proteína plus Sensation Carrefour sin gluten sin azúcar añadido 350 g.,"1,90 €",,"5,43 €/kg",,La Despensa,Yogures y Postres,Proteína,https://static.carrefour.es/hd_510x_/img_pim_food/303251_00_1.jpg
https://www.carrefour.es/supermercado/caramelos-de-goma-sour-boom-mix-fini-sin-gluten-165-g/R-VC4AECOMM-553792/p,Caramelos de goma Sour Boom Mix Fini sin gluten 165 g.,"2,45 €",,"14,85 €/kg",,La Despensa,Dulce,Dulces y Golosinas,https://static.carrefour.es/hd_510x_/img_pim_food/553792_00_1.jpg
https://www.carrefour.es/supermercado/detergente-liquido-original-ariel-45-lavados/R-VC4AECOMM-769169/p,Detergente líquido Original Ariel 45 lavados.,"14,65 €",,"0,33 €/lavado",,Limpieza y Hogar,Cuidado de la Ropa,Detergentes,https://static.carrefour.es/hd_510x_/img_pim_food/769169_00_1.jpg
https://www.carrefour.es/supermercado/esparragos-blancos-de-navarra-6-10-carrefour-205-g/R-521006058/p,Espárragos blancos de Navarra 6/10 Carrefour 205 g.,"3,95 €",,"19,27 €/kg",,La Despensa,"Conservas, Sopas y Precocinados",Conservas de Vegetales,https://static.carrefour.es/hd_510x_/img_pim_food/231106_00_1.jpg
https://www.carrefour.es/supermercado/sopa-maravilla-calnort-66-g/R-VC4AECOMM-763929/p,Sopa maravilla Calnort 66 g.,"0,44 €",,"6,67 €/kg",,La Despensa,"Conservas, Sopas y Precocinados","Caldos, Sopas y Pure",https://static.carrefour.es/hd_510x_/img_pim_food/763929_00_1.jpg
https://www.carrefour.es/supermercado/champu-camomila-trigo-cabello-rubio-carrefour-soft-400-ml/R-656901785/p,Champú camomila trigo cabello rubio Carrefour Soft 400 ml.,,,"0,55 €/100ml",,Perfumería e Higiene,Cabello,Champús,https://static.carrefour.es/hd_510x_/img_pim_food/309123_00_1.jpg
https://www.carrefour.es/supermercado/chuleta-de-lomo-circulo-de-calidad-600-g-aprox/R-VC4AECOMM-001522/p,Chuleta de lomo Círculo de Calidad 600 g aprox,"6,53 €",,"10,89 €/kg",,Productos Frescos,Carnicería,Cerdo,https://static.carrefour.es/hd_510x_/img_pim_food/001522_00_1.jpg
https://www.carrefour.es/supermercado/salchichas-cocidas-estilo-viena-wieners-con-queso-oscar-mayer-sin-gluten-200-g/R-521031123/p,Salchichas cocidas estilo Viena Wieners con queso Oscar Mayer sin gluten 200 g.,"1,46 €",,"7,30 €/kg",,Productos Frescos,Charcutería,Salchichas,https://static.carrefour.es/hd_510x_/img_pim_food/003297_00_1.jpg
https://www.carrefour.es/supermercado/cartucho-filtrante-para-agua-brita-on-tap-hf/R-fprod1400004/p,Cartucho Filtrante para Agua BRITA On Tap HF,"25,90 €",,"25,90 €/ud",,Limpieza y Hogar,Menaje,Jarras y filtros de agua,https://static.carrefour.es/hd_510x_/img_pim_food/358878_00_1.jpg
https://www.carrefour.es/supermercado/mermelada-de-naranja-amarga-la-vieja-fabrica-sin-gluten-365-g/R-521003447/p,Mermelada de naranja amarga La Vieja Fábrica sin gluten 365 g.,"3,15 €",,"8,63 €/kg",,La Despensa,Dulce,"Mermeladas, Membrillos y Compotas",https://static.carrefour.es/hd_510x_/img_pim_food/032660_00_1.jpg
https://www.carrefour.es/supermercado/ambientador-electrico-flores-elegantes-3volution-recambio-ambi-pur-1-ud/R-816213769/p,Ambientador eléctrico flores elegantes 3Volution recambio Ambi Pur 1 ud.,"5,85 €",,"5,85 €/ud",,Limpieza y Hogar,Ambientadores,Eléctricos,https://static.carrefour.es/hd_510x_/img_pim_food/943540_00_1.jpg
https://www.carrefour.es/supermercado/crema-facial-en-gel-con-acido-hialuronico-piel-mixta-grasa-hidra-fresh-babaria-50-ml/R-VC4AECOMM-375420/p,Crema facial en gel con ácido hialurónico piel mixta/grasa Hidra Fresh Babaria 50 ml.,"7,55 €",,"15,10 €/100ml",,Perfumería e Higiene,Cuidado y Protección Corporal,Piel,https://static.carrefour.es/hd_510x_/img_pim_food/375420_00_1.jpg
https://www.carrefour.es/supermercado/vermut-martini-blanco-15-l/R-546306882/p,"Vermut Martini blanco 1,5 l.","14,89 €",,"9,93 €/l",,,,,https://static.carrefour.es/hd_510x_/img_pim_food/529598_00_1.jpg
https://www.carrefour.es/supermercado/preparado-de-soja-con-pina-y-fruta-de-la-pasion-sin-azucar-anadido-alpro-mas-fruta-sin-gluten-sin-lactosa-400-g/R-VC4AECOMM-689189/p,Preparado de soja con piña y fruta de la pasión sin azúcar añadido Alpro Más Fruta sin gluten sin lactosa 400 g.,"2,49 €",,"6,23 €/kg",,La Despensa,Yogures y Postres,Vegetal,https://static.carrefour.es/hd_510x_/img_pim_food/689189_00_1.jpg
https://www.carrefour.es/supermercado/achicoria-expres-el-arbol-500-g/R-538001564/p,Achicoria exprés El Árbol 500 g.,"2,79 €",,"5,58 €/kg",,La Despensa,Desayuno,Cafés,https://static.carrefour.es/hd_510x_/img_pim_food/039830_00_1.jpg
https://www.carrefour.es/supermercado/chocolate-negro-con-avellanas-50-cacao-ferrero-rocher-90-g/R-VC4AECOMM-747792/p,Chocolate negro con avellanas 50% cacao Ferrero Rocher 90 g.,"2,95 €",,"32,78 €/kg",,La Despensa,Dulce,Bombones y Chocolates,https://static.carrefour.es/hd_510x_/img_pim_food/747792_00_1.jpg
https://www.carrefour.es/supermercado/desodorante-en-spray-extra-control-proteccion-48h-zero-sanex-200-ml/R-fprod1260022/p,Desodorante en spray extra control protección 48h Zero% Sanex 200 ml.,"2,89 €",,"1,44 €/100ml",,Perfumería e Higiene,Baño e Higiene Corporal,Desodorantes,https://static.carrefour.es/hd_510x_/img_pim_food/304263_00_1.jpg
https://www.carrefour.es/supermercado/infusion-probioticos-y-jengibre-en-bolsitas-pompadur-15-ud/R-VC4AECOMM-729509/p,Infusión probióticos y jengibre en bolsitas Pompadur 15 ud.,"3,29 €",,"126,54 €/kg",,La Despensa,Desayuno,Infusiones y Tés,https://static.carrefour.es/hd_510x_/img_pim_food/729509_00_1.jpg
https://www.carrefour.es/supermercado/chuletas-de-conejo-circulo-de-calidad-500-g-aprox/R-521033210/p,Chuletas de conejo Círculo de Calidad 500 g aprox,"6,94 €",,"13,89 €/kg",,Productos Frescos,Carnicería,Conejo,https://static.carrefour.es/hd_510x_/img_pim_food/793655_00_1.jpg
https://www.carrefour.es/supermercado/chocolate-puro-con-almendras-enteras-xl-valor-sin-gluten-300-g/R-791547902/p,Chocolate puro con almendras enteras XL Valor sin gluten 300 g.,,,"16,63 €/kg",,La Despensa,Dulce,Bombones y Chocolates,https://static.carrefour.es/hd_510x_/img_pim_food/886757_00_1.jpg
https://www.carrefour.es/supermercado/complemento-alimenticio-caramelos-de-goma-con-vitamina-d-weider-sin-gluten-200-g/R-VC4AECOMM-447905/p,Complemento alimenticio caramelos de goma con Vitamina D Weider sin gluten 200 g.,"11,89 €",,"59,45 €/kg",,La Despensa,Alimentación,Vitaminas y Complementos,https://static.carrefour.es/hd_510x_/img_pim_food/447905_00_1.jpg
https://www.carrefour.es/supermercado/maquinilla-fusion5-gillette-recambio-5-ud/R-VC4AECOMM-104178/p,Maquinilla Fusion5 Gillette + Recambio 5 ud.,"24,40 €",,"24,40 €/ud",,Perfumería e Higiene,Depilación y Afeitado,Maquinillas y Recambios,https://static.carrefour.es/hd_510x_/img_pim_food/104178_00_1.jpg
https://www.carrefour.es/supermercado/filetes-de-sardinas-en-salsa-picantona-calvo-75-g/R-VC4AECOMM-509946/p,Filetes de sardinas en salsa picantona Calvo 75 g.,"3,39 €",,"48,43 €/kg",,La Despensa,"Conservas, Sopas y Precocinados",Conservas de Pescado y Marisco,https://static.carrefour.es/hd_510x_/img_pim_food/509946_00_1.jpg
https://www.carrefour.es/supermercado/crema-facial-de-dia-fp15-q10plusc-anti-arrugas-energizante-nivea-50-ml/R-686701720/p,Crema facial de día FP15 Q10plusC Anti-Arrugas + Energizante Nivea 50 ml.,"12,49 €",,"24,98 €/100ml",,Perfumería e Higiene,Cosmética,Rostro,https://static.carrefour.es/hd_510x_/img_pim_food/078106_00_1.jpg
https://www.carrefour.es/supermercado/pepinillos-alinados-classic-carrefour-230-g/R-VC4AECOMM-417733/p,Pepinillos aliñados Classic Carrefour 230 g.,"1,74 €",,"7,57 €/kg",,La Despensa,Aperitivos,Aceitunas y Encurtidos,https://static.carrefour.es/hd_510x_/img_pim_food/417733_00_1.jpg
https://www.carrefour.es/supermercado/pasta-de-malta-100-g/R-prod880232/p,Pasta de Malta 100 g,"4,39 €",,"43,90 €/ud",,Mascotas,Gatos,Premios y Snacks,https://static.carrefour.es/hd_510x_/img_pim_food/990782_00_1.jpg
https://www.carrefour.es/supermercado/crema-intensiva-anti-edad-revitalift-laser-x3-loreal-revitalift-50-ml/R-673001686/p,Crema intensiva anti-edad Revitalift Láser X3 L'Oréal-Revitalift 50 ml.,"19,99 €",,"39,98 €/100ml",,Perfumería e Higiene,Cuidado y Protección Corporal,Piel,https://static.carrefour.es/hd_510x_/img_pim_food/004294_00_1.jpg
https://www.carrefour.es/supermercado/tarrito-de-menestra-de-cordero-desde-6-meses-nutriben-potitos-sin-gluten-235-g/R-VC4AECOMM-407257/p,Tarrito de menestra de cordero desde 6 meses Nutribén Potitos sin gluten 235 g.,"1,69 €",,"7,19 €/kg",,Bebé,Alimentación infantil,Tarritos y Platos Preparados,https://static.carrefour.es/hd_510x_/img_pim_food/407257_00_1.jpg
https://www.carrefour.es/supermercado/pechuga-de-pollo-corte-extrafino-roler-320-g/R-711907656/p,Pechuga de pollo corte extrafino Roler 320 g,"4,99 €",,"4,99 €/ud",,Productos Frescos,Carnicería,Aves y Pollo,https://static.carrefour.es/hd_510x_/img_pim_food/324133_00_1.jpg
https://www.carrefour.es/supermercado/limpiador-multiusos-recambio-las-3-brujas-750-ml/R-814144324/p,Limpiador multiusos recambio Las 3 Brujas 750 ml.,"2,25 €",,"3,00 €/l",,Limpieza y Hogar,Productos para toda la casa,Limpiacristales y Multiusos,https://static.carrefour.es/hd_510x_/img_pim_food/472094_00_1.jpg
https://www.carrefour.es/supermercado/pasta-fideo-n0-gallo-450-g/R-VC4AECOMM-556012/p,Pasta fideo nº0 Gallo 450 g.,"1,41 €",,"3,13 €/kg",,La Despensa,Alimentación,Pastas,https://static.carrefour.es/hd_510x_/img_pim_food/556012_00_1.jpg
https://www.carrefour.es/supermercado/rollitos-de-maiz-sabor-queso-picante-takis-140-g/R-837010554/p,Rollitos de maíz sabor queso picante Takis 140 g.,"2,45 €",,"16,33 €/kg",,La Despensa,Aperitivos,Snacks,https://static.carrefour.es/hd_510x_/img_pim_food/974638_00_1.jpg
https://www.carrefour.es/supermercado/cafe-capuccino-en-capsulas-nescafe-dolce-gusto-16-unidades-de-7-g/R-521029057/p,Café Capuccino en cápsulas Nescafe Dolce Gusto 16 unidades de 7 g.,"4,89 €",,"24,45 €/kg",,,,,https://static.carrefour.es/hd_510x_/img_pim_food/745669_00_1.jpg
https://www.carrefour.es/supermercado/palmera-airos-sin-gluten-60-g/R-VC4AECOMM-724030/p,Palmera Airos sin gluten 60 g,"1,89 €",,"31,50 €/kg",,Productos Frescos,Panadería Tradicional,Bollería Tradicional,https://static.carrefour.es/hd_510x_/img_pim_food/724030_00_1.jpg
https://www.carrefour.es/supermercado/4-estropajos-inox-scotch-brite/R-842010529/p,4 Estropajos Inox Scotch Brite,"2,65 €",,"0,88 €/ud",,Limpieza y Hogar,Utensilios de Limpieza,Estropajos,https://static.carrefour.es/hd_510x_/img_pim_food/933421_00_1.jpg
https://www.carrefour.es/supermercado/queso-curado-gran-biraghi-150-g/R-VC4AECOMM-203563/p,Queso curado Gran Biraghi 150 g.,"4,07 €",,"27,13 €/kg",,Productos Frescos,Quesos,Curado,https://static.carrefour.es/hd_510x_/img_pim_food/203563_00_1.jpg
https://www.carrefour.es/supermercado/mortadela-de-vaca-y-ave-halal-la-campera-600-g/R-VC4AECOMM-709079/p,Mortadela de vaca y ave halal La Campera 600 g.,"2,15 €",,"3,58 €/kg",,Productos Frescos,Charcutería,Mortadela y Chopped,https://static.carrefour.es/hd_510x_/img_pim_food/709079_00_1.jpg
https://www.carrefour.es/supermercado/mantequilla-facil-de-untar-president-250-g/R-521030154/p,Mantequilla fácil de untar Président 250 g.,"4,49 €",,"17,96 €/kg",,La Despensa,Lácteos,Mantequillas y Margarinas,https://static.carrefour.es/hd_510x_/img_pim_food/372088_00_1.jpg
https://www.carrefour.es/supermercado/vino-tinto-garnacha-ecologico-la-montesa-doca-rioja-75-cl/R-808943418/p,La Montesa Tinto 2020,"15,85 €",,"15,85 €/ud",,Bebidas,Vinos,Tinto,https://static.carrefour.es/hd_510x_/img_pim_food/458607_00_1.jpg
https://www.carrefour.es/supermercado/quitamanchas-accidentales-aplicador-nodulos-cebralin-150-ml/R-prod580041/p,Quitamanchas accidentales aplicador nódulos Cebralín 150 ml.,"4,35 €",,"29,00 €/l",,Limpieza y Hogar,Cuidado de la Ropa,Aditivos y quitamanchas,https://static.carrefour.es/hd_510x_/img_pim_food/837637_00_1.jpg
https://www.carrefour.es/supermercado/desodorante-roll-on-respect-control-de-olor-24h-zero-sanex-men-50-ml/R-829518809/p,Desodorante roll-on Respect & Control de olor 24h Zero% Sanex Men 50 ml.,"2,49 €",,"4,98 €/100ml",,Perfumería e Higiene,Baño e Higiene Corporal,Desodorantes,https://static.carrefour.es/hd_510x_/img_pim_food/964951_00_1.jpg
https://www.carrefour.es/supermercado/bollito-de-chocolate-bandeja-phoskitos-4-ud/R-674601677/p,Bollito de chocolate bandeja Phoskitos 4 ud.,"1,99 €",,"17,16 €/kg",,La Despensa,"Panaderia, Bollería y Pastelería",Pastelería,https://static.carrefour.es/hd_510x_/img_pim_food/017348_00_1.jpg
https://www.carrefour.es/supermercado/cerveza-koenigsbier-fuerte-lata-50-cl/R-737516125/p,Cerveza Koenigsbier fuerte lata 50 cl.,"0,75 €",,"1,50 €/l",,Bebidas,Cerveza,Todas las Cervezas,https://static.carrefour.es/hd_510x_/img_pim_food/706821_00_1.jpg
https://www.carrefour.es/supermercado/vino-blanco-marques-de-vizhoja-75-cl/R-538408057/p,Marques De Vizhoja Blanco 2023,"6,55 €",,"6,55 €/ud",,Bebidas,Vinos,Blanco,https://static.carrefour.es/hd_510x_/img_pim_food/035473_00_1.jpg
